2690 3794
350 307 557 392 Divendres
588 307 599 392 a
640 307 650 392 7
682 307 806 392 rebere
827 307 859 392 de
880 307 973 392 Joan
994 307 1139 392 Cafont
1159 307 1284 392 pages
1304 307 1335 392 de
1356 307 1532 392 Mataro
1553 307 1636 392 fill
1657 307 1688 392 de
1708 307 1781 392 Joa
1812 307 1957 392 Cafont

404 401 512 481 pages
541 401 561 481 y
590 401 629 481 de
649 401 678 481 t
727 401 902 481 defuncts
932 401 971 481 ab
990 401 1205 481 Patronilla
1225 401 1381 481 donsella
1421 401 1509 481 filla
1529 401 1558 481 de
1578 401 1714 481 jaume
1734 401 1802 481 Pou
1832 401 1851 481 y
1861 401 1910 481 Co

348 495 475 569 lomer
502 495 611 569 pages
647 495 683 569 de
701 495 874 569 Mataro
910 495 1073 569 defunct
1100 495 1118 569 y
1137 495 1173 569 de
1182 495 1236 569 t

361 568 427 651 Dit
449 568 515 651 dia
548 568 669 651 rebere
691 568 725 651 de
747 568 989 651 Barthomeu
1022 568 1154 651 Corona
1187 568 1342 651 parayre
1375 568 1397 651 de
1419 568 1617 651 Puigcerda
1639 568 1772 651 bisbat
1794 568 1849 651 de

317 658 456 738 Urgell
477 658 670 738 habitant
691 658 734 738 en
755 658 894 738 Bara
905 658 990 738 fill
1011 658 1054 738 de
1065 658 1225 738 Andreu
1257 658 1396 738 Corona
1428 658 1535 738 pages
1567 658 1578 738 y
1599 658 1631 738 de
1642 658 1759 738 Anna
1802 658 1834 738 de

304 750 420 829 functs
451 750 493 829 ab
514 750 661 829 Maria
671 750 850 829 donsella
871 750 965 829 filla
986 750 1028 829 de
1039 750 1133 829 Joan
1154 750 1354 829 Tambert
1364 750 1479 829 fuster
1500 750 1521 829 de
1542 750 1626 829 Vich
1647 750 1836 829 habitant
1889 750 1920 829 en

366 855 512 933 Bara
544 855 564 933 y
585 855 627 933 de
648 855 815 933 Coloma
846 855 1024 933 defuncta

361 933 415 1014 Dit
437 933 492 1014 dia
514 933 635 1014 rebere
657 933 690 1014 de
701 933 854 1014 Antoni
865 933 975 1014 Jover
986 933 1183 1014 tavarner
1216 933 1249 1014 de
1271 933 1501 1014 Llampajes
1512 933 1643 1014 bisbat
1654 933 1700 1014 de
1710 933 1864 1014 Gerona

305 1022 487 1101 habitant
508 1022 551 1101 en
572 1022 700 1101 Bara
711 1022 785 1101 fill
807 1022 839 1101 de
849 1022 956 1101 Pere
977 1022 1095 1101 Soler
1116 1022 1191 1101 als
1212 1022 1340 1101 Jover
1372 1022 1479 1101 pages
1511 1022 1532 1101 y
1553 1022 1585 1101 de
1607 1022 1841 1101 Catherina

241 1112 441 1211 defuncts
468 1112 508 1211 ab
535 1112 815 1211 Margarida
829 1112 1016 1211 donsella
1042 1112 1149 1211 filla
1176 1112 1203 1211 de
1216 1112 1418 1211 Domingo
1432 1112 1672 1211 Moragues
1685 1112 1886 1211 passama

323 1212 393 1298 ner
428 1212 474 1298 de
485 1212 636 1298 Bara
670 1212 694 1298 y
717 1212 751 1298 de
774 1212 913 1298 Anna
948 1212 1144 1298 defuncta

347 1294 416 1368 Dit
446 1294 495 1368 dia
525 1294 654 1368 rebere
673 1294 713 1368 de
723 1294 921 1368 francesch
960 1294 1128 1368 Andreu
1168 1294 1316 1368 texidor
1336 1294 1376 1368 de
1396 1294 1514 1368 llana
1554 1294 1583 1368 de
1603 1294 1781 1368 Alcover
1811 1294 1870 1368 del
1890 1294 1979 1368 Ar=

391 1378 582 1468 chebisbat
606 1378 653 1468 de
665 1378 891 1468 Tarragona
915 1378 1118 1468 habitant
1141 1378 1177 1468 en
1201 1378 1332 1468 Bara
1356 1378 1439 1468 fill
1463 1378 1487 1468 de
1509 1378 1652 1468 jaume
1664 1378 1830 1468 Andreu
1854 1378 1985 1468 pages

409 1467 573 1556 defunct
597 1467 609 1556 y
644 1467 679 1556 de
691 1467 820 1556 Tecla
856 1467 903 1556 ab
926 1467 1150 1556 Hyacinta
1173 1467 1361 1556 donsella
1397 1467 1491 1556 filla
1514 1467 1550 1556 de
1573 1467 1691 1556 joseph
1714 1467 1891 1556 Valenti
1902 1467 1961 1556 te=

390 1563 506 1643 xidor
527 1563 580 1643 de
591 1563 697 1643 llana
739 1563 771 1643 de
781 1563 929 1643 Bara
950 1563 971 1643 y
1003 1563 1035 1643 de
1056 1563 1225 1643 Eularia

358 1652 419 1735 Dit
443 1652 504 1735 dia
528 1652 650 1735 rebere
674 1652 711 1735 de
723 1652 820 1735 Joan
844 1652 990 1735 Songer
1014 1652 1136 1735 pages
1160 1652 1209 1735 del
1221 1652 1342 1735 regne
1367 1652 1415 1735 de
1427 1652 1573 1735 frana
1585 1652 1792 1735 habitant
1816 1652 1853 1735 en

277 1735 410 1826 Bara
450 1735 490 1826 ab
517 1735 652 1826 Anna
665 1735 852 1826 donsella
878 1735 985 1826 filla
998 1735 1038 1826 de
1065 1735 1278 1826 Lleonart
1291 1735 1411 1826 Robi
1425 1735 1624 1826 mercader
1651 1735 1691 1826 de
1704 1735 1811 1826 Puig
1851 1735 1997 1826 cerda

411 1851 437 1939 y
475 1851 527 1939 de
539 1851 783 1939 francisca
822 1851 1052 1939 defuncts

355 1924 419 2015 Dit
444 1924 508 2015 dia
534 1924 661 2015 rebere
687 1924 725 2015 de
738 1924 942 2015 francesch
967 1924 1121 2015 fexes
1133 1924 1299 2015 ferrer
1325 1924 1363 2015 de
1376 1924 1518 2015 Bara
1543 1924 1633 2015 fill
1658 1924 1696 2015 de
1709 1924 1811 2015 Pere
1837 1924 1990 2015 fexes

403 2023 531 2115 pages
557 2023 595 2115 de
621 2023 698 2115 St
711 2023 813 2115 Boy
826 2023 852 2115 y
877 2023 916 2115 de
929 2023 1185 2115 Maryanna
1224 2023 1416 2115 defuncta
1442 2023 1480 2115 ab
1506 2023 1660 2115 Angela
1672 2023 1813 2115 dosella
1826 2023 1929 2115 filla
1942 2023 1980 2115 de

383 2121 563 2207 Baldiri
575 2121 672 2207 font
684 2121 876 2207 carrater
900 2121 936 2207 de
960 2121 1032 2207 St
1044 2121 1140 2207 Bey
1176 2121 1200 2207 y
1212 2121 1247 2207 de
1271 2121 1451 2207 Angela
1487 2121 1655 2207 defuncta

342 2210 406 2288 Dit
428 2210 481 2288 dia
513 2210 631 2288 rebere
652 2210 684 2288 de
707 2210 846 2288 jaume
867 2210 1027 2288 Ramon
1059 2210 1177 2288 pages
1209 2210 1241 2288 de
1262 2210 1423 2288 Dorrius
1444 2210 1563 2288 viuda
1616 2210 1659 2288 ab
1670 2210 1851 2288 Angela
1862 2210 1979 2288 viuda

376 2309 415 2404 de
428 2309 519 2404 Pau
545 2309 690 2404 Campi
716 2309 833 2404 pages
859 2309 885 2404 de
898 2309 1079 2404 Vilassar

333 2395 408 2485 Dit
420 2395 482 2485 dia
507 2395 619 2485 rebere
657 2395 681 2485 de
706 2395 856 2485 Miquel
868 2395 944 2485 feu
982 2395 1094 2485 pages
1119 2395 1156 2485 de
1169 2395 1305 2485 Bara
1318 2395 1405 2485 fill
1418 2395 1455 2485 de
1467 2395 1617 2485 Onofre
1629 2395 1704 2485 feu
1729 2395 1841 2485 pages
1891 2395 1928 2485 de

323 2489 441 2573 Seva
464 2489 604 2573 bisbat
615 2489 674 2573 de
685 2489 778 2573 Vich
813 2489 836 2573 y
860 2489 894 2573 de
918 2489 1080 2573 Eleonor
1127 2489 1313 2573 defuncts
1348 2489 1383 2573 ab
1406 2489 1559 2573 Joana
1582 2489 1710 2573 viuda
1756 2489 1791 2573 de
1814 2489 1954 2573 Bar=

361 2583 518 2670 thomeu
554 2583 676 2670 Cases
700 2583 821 2670 pages
857 2583 893 2670 de
918 2583 980 2670 St
1004 2583 1161 2670 Andreu
1186 2583 1234 2670 de
1246 2583 1440 2670 Palomar

334 2683 418 2771 Dit
442 2683 503 2771 dia
539 2683 684 2771 reberem
745 2683 783 2771 de
807 2683 916 2771 Joan
940 2683 1145 2771 fontanet
1169 2683 1315 2771 pages
1339 2683 1375 2771 de
1411 2683 1568 2771 Mollet
1593 2683 1689 2771 fill
1713 2683 1751 2771 de
1775 2683 1884 2771 Joan

351 2782 573 2872 fontanet
597 2782 720 2872 pages
745 2782 770 2872 y
794 2782 831 2872 de
856 2782 905 2872 t
1003 2782 1202 2872 defuncts
1226 2782 1263 2872 ab
1288 2782 1411 2872 Anna
1436 2782 1608 2872 donsella
1620 2782 1719 2872 filla
1755 2782 1780 2872 de
1805 2782 1952 2872 jaume

370 2870 532 2967 Plans
545 2870 679 2967 fuster
692 2870 732 2967 de
759 2870 906 2967 Castell
919 2870 1026 2967 terfbol
1039 2870 1159 2967 bisbat
1172 2870 1213 2967 de
1226 2870 1333 2967 Vich
1359 2870 1386 2967 y
1413 2870 1439 2967 de
1466 2870 1735 2967 Margarida
1775 2870 1948 2967 defuncts

339 2967 419 3059 Dit
446 2967 512 3059 dia
539 2967 673 3059 rebere
700 2967 726 3059 de
753 2967 902 3059 jaume
929 2967 1063 3059 Bova
1089 2967 1250 3059 sabater
1290 2967 1317 3059 de
1330 2967 1384 3059 la
1424 2967 1598 3059 Garriga
1624 2967 1718 3059 fill
1745 2967 1772 3059 de
1785 2967 1919 3059 jaume

340 3059 483 3159 Bova
512 3059 699 3159 sabater
728 3059 757 3159 y
786 3059 829 3159 de
858 3059 1030 3159 Antiga
1073 3059 1260 3159 defuncta
1304 3059 1361 3159 ab
1376 3059 1593 3159 Elisabeth
1608 3059 1751 3159 Joana
1780 3059 1924 3159 viuda

367 3160 414 3267 de
429 3160 614 3267 Antoni
630 3160 768 3267 Serra
799 3160 1046 3267 carabassa
1077 3160 1264 3267 sabater
1295 3160 1341 3267 de
1388 3160 1650 3267 Granollers
