2690 3794
406 298 600 389 Dimecres
646 298 657 389 a
691 298 748 389 30
782 298 919 389 rebere
942 298 976 389 de
999 298 1135 389 Onofre
1158 298 1295 389 Crispo
1317 298 1488 389 sabater
1522 298 1557 389 de
1579 298 1762 389 Castello
1773 298 1819 389 de
1830 298 2046 389 Empurias

413 390 510 476 bis=
520 390 595 476 bat
617 390 659 476 de
681 390 830 476 Girona
852 390 1044 476 habitant
1076 390 1119 476 en
1140 390 1269 476 Bara
1279 390 1365 476 fill
1386 390 1429 476 de
1451 390 1579 476 Esteva
1611 390 1750 476 Crispo
1761 390 1910 476 hortola
1942 390 1964 476 y
1996 390 2039 476 de

480 479 659 563 Sperasa
701 479 890 563 defuncts
922 479 974 563 ab
1006 479 1153 563 Maria
1184 479 1310 563 viuda
1363 479 1405 563 de
1436 479 1531 563 Pere
1552 479 1752 563 Defierro
1762 479 1951 563 carrater
1983 479 2077 563 mori

480 584 514 675 en
536 584 570 675 lo
581 584 761 675 Hospital
773 584 818 675 de
840 584 1020 675 Caragoca

408 647 474 744 Dit
487 647 540 744 dia
567 647 685 744 rebere
712 647 751 744 de
764 647 909 744 jaume
936 647 1160 744 Bruguera
1186 647 1291 744 pages
1318 647 1369 744 del
1382 647 1461 744 far
1488 647 1567 744 fill
1580 647 1619 744 de
1633 647 1764 744 jaume
1791 647 1988 744 Bruguera

359 743 472 826 pages
505 743 674 826 defunct
697 743 719 826 y
742 743 776 826 de
798 743 967 826 Antiga
1012 743 1046 826 ab
1068 743 1203 826 Anna
1237 743 1361 826 viuda
1406 743 1438 826 de
1461 743 1607 826 jaume
1630 743 1799 826 Avella
1821 743 1956 826 pages

392 847 430 938 de
442 847 653 938 Vilassar

423 906 485 998 Dit
497 906 546 998 dia
571 906 694 998 rebere
719 906 743 998 de
768 906 967 998 francesch
991 906 1102 998 Puig
1115 906 1361 998 passamaner
1386 906 1423 998 de
1435 906 1657 998 Granollers
1681 906 1866 998 habitant
1879 906 1917 998 en

326 999 470 1097 Bara
483 999 561 1097 fill
587 999 614 1097 de
627 999 784 1097 Antoni
797 999 901 1097 Joan
928 999 1032 1097 Puig
1059 999 1281 1097 negociant
1322 999 1492 1097 defunct
1518 999 1531 1097 y
1557 999 1597 1097 de
1610 999 1845 1097 Stephania
1897 999 1950 1097 ab

355 1093 560 1195 Angela
573 1093 739 1195 dosella
752 1093 862 1195 filla
889 1093 930 1195 de
957 1093 1230 1195 Montserrat
1244 1093 1366 1195 Cors
1380 1093 1598 1195 negociant
1626 1093 1667 1195 de
1680 1093 1803 1195 Palou
1859 1093 1996 1195 defuct

418 1220 435 1281 y
467 1220 500 1281 de
508 1220 549 1281 t

404 1252 475 1338 Dit
499 1252 558 1338 dia
581 1252 711 1338 rebere
735 1252 782 1338 de
793 1252 900 1338 Joan
935 1252 1184 1338 Llevaneres
1219 1252 1337 1338 pages
1373 1252 1408 1338 de
1420 1252 1620 1338 Vilassar
1644 1252 1726 1338 fill
1750 1252 1785 1338 de
1809 1252 2068 1338 Barthomeu

475 1355 622 1444 Casals
658 1355 683 1444 y
695 1355 940 1444 llevaneres
965 1355 1087 1444 pages
1124 1355 1136 1444 y
1161 1355 1197 1444 de
1222 1355 1393 1444 Angela
1430 1355 1614 1444 defuncta
1650 1355 1701 1444 ab
1725 1355 1970 1444 Mathiana

460 1447 635 1545 donsella
675 1447 796 1545 filla
823 1447 863 1545 de
877 1447 1092 1545 francesch
1119 1447 1266 1545 Riera
1307 1447 1429 1545 pages
1456 1447 1497 1545 de
1510 1447 1685 1545 Vilassar
1712 1447 1833 1545 defuct
1846 1447 1873 1545 y
1900 1447 1940 1545 de
1954 1447 1994 1545 t

408 1537 469 1628 Dit
494 1537 543 1628 dia
568 1537 678 1628 rebere
703 1537 740 1628 de
764 1537 949 1628 Sagimon
973 1537 1121 1628 Major
1133 1537 1256 1628 pages
1280 1537 1317 1628 de
1342 1537 1514 1628 Mataro
1539 1537 1649 1628 viudo
1674 1537 1724 1628 ab
1737 1537 1946 1628 Elisabeth

382 1638 521 1724 viuda
579 1638 614 1724 de
637 1638 741 1724 Pere
776 1638 880 1724 Gell
892 1638 1019 1724 pages
1054 1638 1100 1724 de
1124 1638 1297 1724 Mataro

414 1724 532 1819 Dijous
558 1724 585 1819 a
611 1724 663 1819 31
689 1724 820 1819 rebere
847 1724 886 1819 de
899 1724 1043 1819 Antoni
1056 1724 1279 1819 Ramentol
1305 1724 1423 1819 pages
1449 1724 1475 1819 de
1501 1724 1619 1819 Taya
1632 1724 1726 1819 fill
1739 1724 1778 1819 de
1791 1724 1896 1819 Jaue

332 1820 581 1906 Ramentol
593 1820 712 1906 pages
747 1820 771 1906 y
795 1820 842 1906 de
866 1820 1032 1906 Eleonor
1068 1820 1115 1906 ab
1127 1820 1257 1906 Anna
1293 1820 1471 1906 donsella
1494 1820 1589 1906 filla
1613 1820 1649 1906 de
1672 1820 1886 1906 Bartrat
1957 1820 1981 1906 #

510 1920 522 2006 y
557 1920 569 2006 #
651 1920 838 2006 Morera
875 1920 898 2006 y
934 1920 1145 2006 Torrents
1168 1920 1297 2006 pages
1344 1920 1379 2006 de
1403 1920 1649 2006 Montornes
1684 1920 1708 2006 y
1731 1920 1778 2006 de
1802 1920 1966 2006 Joana

418 2007 482 2101 Dit
508 2007 572 2101 dia
597 2007 738 2101 rebere
764 2007 817 2101 de
843 2007 945 2101 Joan
971 2007 1124 2101 Saleta
1163 2007 1291 2101 pages
1317 2007 1381 2101 del
1394 2007 1535 2101 Regne
1560 2007 1613 2101 de
1626 2007 1780 2101 frana
1793 2007 1972 2101 habitat

376 2100 414 2194 en
440 2100 714 2194 Montornes
752 2100 804 2194 ab
830 2100 1050 2194 Elisabeth
1076 2100 1270 2194 donsella
1309 2100 1425 2194 filla
1464 2100 1517 2194 de
1543 2100 1634 2194 Pau
1660 2100 1763 2194 Coll
1776 2100 1918 2194 pages
1957 2100 1996 2194 de

416 2213 680 2289 Montornes
711 2213 743 2289 y
774 2213 816 2289 de
827 2213 879 2289 t

412 2277 471 2364 Dit
495 2277 542 2364 dia
577 2277 707 2364 rebere
730 2277 766 2364 de
789 2277 883 2364 Joan
919 2277 1084 2364 Cauller
1107 2277 1225 2364 pages
1260 2277 1296 2364 de
1319 2277 1390 2364 St
1402 2277 1531 2364 Cugat
1543 2277 1590 2364 de
1602 2277 1814 2364 Panaders
1837 2277 1965 2364 viudo

399 2384 436 2475 ab
461 2384 646 2475 Eularia
670 2384 793 2475 viuda
867 2384 904 2475 de
929 2384 978 2475 t
1052 2384 1287 2475 Cassanyes
1324 2384 1447 2475 pages
1484 2384 1521 2475 de
1533 2384 1693 2475 Gelida

415 2472 475 2560 Dit
499 2472 558 2560 dia
594 2472 725 2560 rebere
749 2472 784 2560 de
808 2472 975 2560 Superi
987 2472 1142 2560 Condal
1166 2472 1285 2560 pages
1320 2472 1380 2560 del
1404 2472 1524 2560 regne
1536 2472 1584 2560 de
1608 2472 1762 2560 frana
1774 2472 1941 2560 habitat

388 2568 429 2670 en
457 2568 609 2670 Caldes
637 2568 692 2670 de
719 2568 913 2670 Monbuy
954 2568 996 2670 ab
1024 2568 1300 2670 Maryanna
1328 2568 1535 2670 donsella
1563 2568 1673 2670 filla
1715 2568 1756 2670 de
1770 2568 1908 2670 Cesar
1922 2568 1991 2670 La

410 2679 565 2759 marca
609 2679 719 2759 pages
763 2679 796 2759 de
807 2679 960 2759 Caldes
982 2679 1037 2759 de
1059 2679 1235 2759 monbuy
1279 2679 1300 2759 y
1333 2679 1377 2759 de
1399 2679 1454 2759 t

404 2751 472 2845 Dit
500 2751 569 2845 dia
596 2751 720 2845 rebere
748 2751 775 2845 de
789 2751 940 2845 Jaume
954 2751 1106 2845 Bover
1119 2751 1257 2845 corder
1284 2751 1312 2845 de
1340 2751 1477 2845 Bara
1491 2751 1574 2845 fill
1587 2751 1629 2845 de
1642 2751 1849 2845 Hieronym
1876 2751 2014 2845 Bover

397 2854 538 2951 corder
566 2854 580 2951 y
609 2854 637 2951 de
651 2854 792 2951 Paula
834 2854 877 2951 ab
891 2854 1105 2951 Elisabeth
1119 2854 1288 2951 dosella
1302 2854 1415 2951 filla
1443 2854 1500 2951 de
1542 2854 1571 2951 t
1613 2854 1811 2951 figueres
1825 2854 1966 2951 pages

406 2949 444 3036 de
457 2949 521 3036 St
534 2949 662 3036 Cugat
674 2949 725 3036 de
738 2949 904 3036 Vallers
942 2949 968 3036 y
994 2949 1032 3036 de
1045 2949 1083 3036 t
1147 2949 1338 3036 defuncta

394 3038 462 3129 Dit
476 3038 530 3129 dia
557 3038 679 3129 rebere
706 3038 733 3129 de
747 3038 896 3129 Guillem
936 3038 1058 3129 Blay
1085 3038 1314 3129 Casanoves
1328 3038 1450 3129 pages
1477 3038 1517 3129 del
1531 3038 1653 3129 regne
1666 3038 1721 3129 de
1734 3038 1870 3129 frana
1883 3038 1978 3129 ha=

391 3125 513 3217 bitant
540 3125 580 3217 en
608 3125 784 3217 Gallechs
811 3125 865 3217 ab
879 3125 1137 3217 Margarida
1178 3125 1325 3217 viuda
1366 3125 1407 3217 de
1420 3125 1597 3217 Antoni
1610 3125 1786 3217 Colobret
1800 3125 1976 3217 traginer
