2690 3794
357 297 616 392 Dissapte
652 297 665 392 a
714 297 775 392 24
838 297 986 392 rebere
1010 297 1060 392 de
1084 297 1269 392 Bernat
1305 297 1502 392 Ricart
1527 297 1674 392 ferrer
1711 297 1760 392 de
1772 297 1922 392 Bara
1946 297 2044 392 fill

408 396 458 492 de
495 396 680 492 Miquel
705 396 878 492 Ricart
903 396 1027 492 pages
1064 396 1076 492 y
1101 396 1138 492 de
1163 396 1362 492 Elisabeth
1399 396 1585 492 defuncts
1634 396 1671 492 ab
1696 396 1906 492 Speransa
1919 396 2104 492 donsella

479 484 577 567 filla
609 484 641 567 de
674 484 878 567 Lleonart
910 484 1060 567 Servat
1092 484 1211 567 pages
1254 484 1286 567 de
1296 484 1361 567 St
1393 484 1534 567 Marti
1556 484 1802 567 Saspajoles
1824 484 1964 567 bisbat
1974 484 2028 567 de

417 574 524 666 Vich
559 574 737 666 defunct
773 574 784 666 y
820 574 855 666 de
879 574 1138 666 Hieronyma

410 659 479 745 Dit
501 659 558 745 dia
604 659 729 745 rebere
763 659 797 745 de
809 659 957 745 Jaume
991 659 1162 745 Ventosa
1184 659 1423 745 matalafer
1457 659 1492 745 de
1514 659 1662 745 Bara
1674 659 1799 745 viudo
1822 659 1877 745 ab
1900 659 2025 745 Ma=

399 752 553 841 rianna
589 752 707 841 viuda
754 752 801 841 de
825 752 1038 841 francesch
1085 752 1239 841 Masso
1251 752 1511 841 matalafer
1534 752 1570 841 de
1594 752 1747 841 Bara

406 848 603 928 Diumenge
646 848 657 928 a
701 848 745 928 25
788 848 909 928 rebere
942 848 974 928 de
985 848 1128 928 jaume
1149 848 1303 928 Rams
1335 848 1456 928 pages
1499 848 1532 928 de
1554 848 1729 928 Canoves
1751 848 1828 928 fill
1849 848 1882 928 de
1893 848 1992 928 Mi=

364 940 474 1030 quel
498 940 657 1030 Rams
682 940 804 1030 pages
828 940 852 1030 y
877 940 913 1030 de
938 940 1159 1030 Catherina
1208 940 1391 1030 defuncts
1428 940 1476 1030 ab
1501 940 1757 1030 Magdalena
1782 940 1977 1030 donsella

415 1039 523 1127 filla
559 1039 607 1127 de
619 1039 727 1127 Pere
752 1039 860 1127 Joan
896 1039 1052 1127 Homs
1076 1039 1197 1127 pages
1233 1039 1269 1127 de
1281 1039 1522 1127 Vilamajor
1546 1039 1570 1127 y
1594 1039 1630 1127 de
1654 1039 1786 1127 Clara

412 1135 561 1221 Dilluns
595 1135 606 1221 a
652 1135 709 1221 26
743 1135 868 1221 rebere
891 1135 925 1221 de
937 1135 1085 1221 Esteva
1096 1135 1210 1221 Bot
1233 1135 1404 1221 flaquer
1438 1135 1495 1221 del
1506 1135 1620 1221 regne
1632 1135 1677 1221 de
1700 1135 1848 1221 frança
1882 1135 2019 1221 habi=

384 1221 475 1320 tant
501 1221 553 1320 en
579 1221 721 1320 Bara
747 1221 799 1320 ab
825 1221 1111 1320 Mariangela
1137 1221 1332 1320 donsella
1358 1221 1475 1320 filla
1501 1221 1553 1320 de
1579 1221 1735 1320 Agusti
1748 1221 1943 1320 Colomer

406 1327 529 1420 pages
566 1327 590 1420 de
615 1327 712 1420 Vich
749 1327 921 1420 defunct
957 1327 982 1420 y
1006 1327 1055 1420 de
1080 1327 1361 1420 Magdalena

398 1413 472 1502 Dit
497 1413 558 1502 dia
596 1413 719 1502 rebere
744 1413 781 1502 de
806 1413 1028 1502 francesch
1065 1413 1175 1502 Cases
1187 1413 1348 1502 texidor
1361 1413 1410 1502 de
1422 1413 1558 1502 llana
1595 1413 1633 1502 de
1657 1413 1793 1502 Bara
1806 1413 1929 1502 viudo
1991 1413 2041 1502 ab

426 1515 665 1610 Catherina
704 1515 850 1610 viuda
903 1515 943 1610 de
970 1515 1114 1610 Garau
1141 1515 1287 1610 Puig
1300 1515 1499 1610 parayre
1526 1515 1565 1610 de
1605 1515 1778 1610 Bara

397 1621 469 1698 Dit
489 1621 550 1698 dia
581 1621 704 1698 rebere
734 1621 765 1698 de
786 1621 878 1698 Joan
908 1621 1031 1698 Vares
1062 1621 1237 1698 parayre
1267 1621 1308 1698 de
1318 1621 1523 1698 Sabadell
1543 1621 1656 1698 viudo
1686 1621 1737 1698 ab
1758 1621 1901 1698 Joana
1932 1621 2034 1698 don=

389 1718 513 1811 sella
537 1718 649 1811 filla
686 1718 723 1811 de
735 1718 847 1811 Joan
884 1718 1020 1811 Duran
1046 1718 1231 1811 parayre
1269 1718 1318 1811 de
1330 1718 1553 1811 Sabadell
1578 1718 1602 1811 y
1627 1718 1664 1811 de
1677 1718 1887 1811 Miquela

400 1815 472 1889 Dit
492 1815 554 1889 dia
584 1815 717 1889 rebere
738 1815 778 1889 de
809 1815 901 1889 Pere
932 1815 1034 1889 Pera
1065 1815 1177 1889 boter
1208 1815 1248 1889 de
1259 1815 1330 1889 St
1351 1815 1504 1889 Andreu
1535 1815 1586 1889 de
1606 1815 1851 1889 Llavaneres
1882 1815 1964 1889 fill
1984 1815 2015 1889 de

393 1910 604 2006 francesch
643 1910 762 2006 Pera
775 1910 894 2006 boter
920 1910 933 2006 y
959 1910 999 2006 de
1025 1910 1236 2006 Elisabeth
1288 1910 1473 2006 defuncts
1512 1910 1552 2006 ab
1578 1910 1815 2006 Margarida
1841 1910 2026 2006 donsella

391 2011 499 2099 filla
535 2011 571 2099 de
583 2011 727 2099 jaume
739 2011 968 2099 Verdaguer
992 2011 1100 2099 boter
1136 2011 1160 2099 y
1184 2011 1220 2099 de
1244 2011 1412 2099 Eleonor
1436 2011 1520 2099 tots
1556 2011 1592 2099 de
1616 2011 1700 2099 dita
1724 2011 1940 2099 parrochia

398 2103 573 2182 Dimars
616 2103 638 2182 a
682 2103 747 2182 27
791 2103 933 2182 reberem
988 2103 1021 2182 de
1043 2103 1152 2182 Joan
1185 2103 1316 2182 Roig
1327 2103 1491 2182 vedrier
1535 2103 1578 2182 de
1600 2103 1786 2182 Mataro
1808 2103 1895 2182 fill
1928 2103 1972 2182 de

324 2195 459 2292 Mi=
486 2195 580 2292 quel
607 2195 742 2292 Roig
756 2195 877 2292 pages
904 2195 931 2292 y
958 2195 999 2292 de
1012 2195 1228 2292 Elisabeth
1269 2195 1446 2292 defuncts
1486 2195 1540 2292 ab
1567 2195 1716 2292 Maria
1729 2195 1918 2292 donsella
1945 2195 2067 2292 filla

433 2296 479 2379 de
502 2296 723 2379 Bernadi
747 2296 933 2379 Maltes
956 2296 1107 2379 vedrier
1142 2296 1177 2379 de
1212 2296 1363 2379 Calella
1398 2296 1537 2379 bisbat
1560 2296 1607 2379 de
1630 2296 1793 2379 Gerona
1851 2296 1874 2379 y
1898 2296 1944 2379 de

398 2398 626 2508 Elisabeth

392 2467 471 2558 Dit
497 2467 563 2558 dia
603 2467 734 2558 rebere
774 2467 813 2558 de
827 2467 934 2558 Joan
960 2467 1171 2558 Cabanyes
1184 2467 1302 2558 pages
1342 2467 1381 2558 de
1408 2467 1552 2558 Palau
1579 2467 1684 2558 fill
1697 2467 1737 2558 de
1750 2467 1855 2558 Joan
1895 2467 1989 2558 Ca=

393 2570 551 2669 banyes
580 2570 594 2669 y
623 2570 666 2669 de
695 2570 925 2669 francisca
968 2570 1025 2669 ab
1040 2570 1270 2669 francisca
1284 2570 1471 2669 donsella
1485 2570 1616 2669 filla
1631 2570 1674 2669 de
1688 2570 1846 2669 jaume
1875 2570 2004 2669 Jofre

424 2675 540 2775 pages
569 2675 612 2775 de
626 2675 713 2775 dita
742 2675 959 2775 parrochia
1005 2675 1164 2775 defunct
1193 2675 1207 2775 y
1236 2675 1280 2775 de
1294 2675 1526 2775 Elisabeth

402 2771 463 2856 Dit
488 2771 549 2856 dia
586 2771 721 2856 rebere
746 2771 782 2856 de
807 2771 991 2856 Miquel
1028 2771 1225 2856 Tambor
1237 2771 1386 2856 sastre
1423 2771 1460 2856 de
1484 2771 1607 2856 Corsa
1632 2771 1767 2856 bisbat
1779 2771 1828 2856 de
1853 2771 2012 2856 Gerona

413 2862 631 2950 habitant
657 2862 695 2950 en
721 2862 862 2950 Bara
875 2862 964 2950 fill
990 2862 1028 2950 de
1041 2862 1144 2950 Joan
1169 2862 1272 2950 Pere
1298 2862 1477 2950 Tambor
1504 2862 1633 2950 pages
1658 2862 1684 2950 y
1710 2862 1748 2950 de
1774 2862 2043 2950 Magdalena

392 2957 434 3052 ab
461 2957 640 3052 Maria
654 2957 846 3052 donsella
860 2957 970 3052 filla
998 2957 1025 3052 de
1039 2957 1231 3052 Raphel
1259 2957 1479 3052 Aldafreu
1520 2957 1713 3052 parayre
1740 2957 1768 3052 de
1797 2957 1839 3052 St
1852 2957 2004 3052 Celoni

404 3060 430 3149 y
456 3060 494 3149 de
507 3060 804 3149 Margarida
855 3060 1036 3149 defuncts

394 3137 580 3223 Dimecres
604 3137 629 3223 a
654 3137 703 3223 28
740 3137 877 3223 rebere
901 3137 938 3223 de
963 3137 1237 3223 Montserrat
1262 3137 1410 3223 Major
1435 3137 1645 3223 negociant
1670 3137 1707 3223 de
1719 3137 1954 3223 Valldoreig

371 3216 584 3303 habitant
609 3216 646 3303 en
683 3216 835 3303 Bara
860 3216 960 3303 fill
985 3216 1022 3303 de
1034 3216 1197 3303 Antich
1234 3216 1384 3303 Major
1409 3216 1534 3303 pages
1571 3216 1746 3303 defunct
1771 3216 1796 3303 y
1821 3216 1846 3303 de
1871 3216 2033 3303 Beneta

422 3307 459 3392 ab
485 3307 742 3392 Magdalena
767 3307 939 3392 donsella
975 3307 1073 3392 filla
1110 3307 1147 3392 de
1172 3307 1380 3392 francesch
1405 3307 1527 3392 Soler
1539 3307 1736 3392 mariner
1772 3307 1809 3392 de
1834 3307 1970 3392 Sitges

377 3403 411 3480 y
433 3403 478 3480 de
500 3403 779 3480 Hieronyma
