2690 3794
382 809 501 891 Dijous
525 809 548 891 a
584 809 596 891 8
643 809 774 891 rebere
797 809 821 891 de
845 809 940 891 Pere
963 809 1023 891 Joa
1046 809 1165 891 Prats
1189 809 1296 891 pages
1319 809 1367 891 del
1379 809 1485 891 regne
1497 809 1545 891 de
1556 809 1699 891 frança
1711 809 1900 891 habitant
1960 809 1995 891 en

388 896 437 982 St
450 896 611 982 Andreu
635 896 685 982 de
697 896 907 982 Palomar
945 896 982 982 ab
1006 896 1141 982 Joana
1153 896 1327 982 donsella
1364 896 1463 982 filla
1487 896 1525 982 de
1537 896 1698 982 Raphel
1735 896 1859 982 Llach

300 998 454 1080 texidor
466 998 502 1080 de
526 998 644 1080 llana
680 998 716 1080 de
739 998 930 1080 Crastilla
953 998 1096 1080 bisbat
1108 998 1155 1080 de
1179 998 1322 1080 Girona
1357 998 1381 1080 y
1417 998 1452 1080 de
1464 998 1500 1080 t
1559 998 1726 1080 defuncts

378 1082 437 1169 Dit
461 1082 520 1169 dia
556 1082 662 1169 rebere
686 1082 721 1169 de
745 1082 827 1169 Pere
851 1082 1005 1169 Argeni
1028 1082 1147 1169 sastre
1170 1082 1194 1169 de
1206 1082 1336 1169 Bara
1348 1082 1466 1169 viudo
1489 1082 1537 1169 ab
1549 1082 1738 1169 Elisabeth
1761 1082 1927 1169 donsella

353 1178 456 1262 filla
478 1178 512 1262 de
535 1178 638 1262 Pere
660 1178 842 1262 Climent
865 1178 1058 1262 flassader
1081 1178 1115 1262 de
1127 1178 1275 1262 Bara
1297 1178 1320 1262 y
1343 1178 1377 1262 de
1400 1178 1536 1262 Orient
1570 1178 1741 1262 defuncts

387 1270 558 1348 Divendres
579 1270 601 1348 a
633 1270 643 1348 9
675 1270 793 1348 rebere
814 1270 846 1348 de
867 1270 1059 1348 francesch
1081 1270 1198 1348 Mari
1219 1270 1326 1348 pages
1347 1270 1379 1348 de
1401 1270 1529 1348 Tiana
1550 1270 1625 1348 fill
1646 1270 1667 1348 de
1689 1270 1753 1348 Joa
1785 1270 1913 1348 Mari

325 1361 440 1445 pages
474 1361 497 1445 y
520 1361 554 1445 de
577 1361 612 1445 t
692 1361 865 1445 defuncta
900 1361 945 1445 ab
957 1361 1197 1445 Marianna
1220 1361 1358 1445 dosella
1381 1361 1484 1445 filla
1507 1361 1541 1445 de
1564 1361 1656 1445 Pere
1679 1361 1919 1445 fontanills

356 1467 462 1553 pages
498 1467 545 1553 del
568 1467 745 1553 Masnou
780 1467 815 1553 y
839 1467 874 1553 de
897 1467 1144 1553 Marquesa

368 1540 540 1625 Dissapte
563 1540 586 1625 a
621 1540 644 1625 10
691 1540 806 1625 rebere
829 1540 875 1625 de
886 1540 1151 1625 Barthomeu
1185 1540 1336 1625 Gardes
1347 1540 1508 1625 tintorer
1531 1540 1657 1625 viudo
1692 1540 1726 1625 de
1738 1540 1876 1625 Bara
1899 1540 1946 1625 ab

365 1633 514 1718 Paula
536 1633 708 1718 donsella
730 1633 833 1718 filla
856 1633 890 1718 de
913 1633 1085 1718 Bernat
1108 1633 1313 1718 Renaudi
1336 1633 1507 1718 parayre
1530 1633 1564 1718 de
1588 1633 1645 1718 St
1657 1633 1794 1718 Llores
1805 1633 1953 1718 çavall

377 1749 413 1838 y
437 1749 461 1838 de
485 1749 678 1838 Miquela
714 1749 894 1838 defuncta

379 1814 434 1898 Dit
456 1814 512 1898 dia
545 1814 666 1898 rebere
688 1814 721 1898 de
743 1814 919 1898 Alfonso
952 1814 1106 1898 Garces
1128 1814 1293 1898 velluter
1315 1814 1359 1898 de
1370 1814 1513 1898 Bara
1524 1814 1634 1898 viudo
1657 1814 1699 1898 ab
1721 1814 1908 1898 Praxedis

366 1909 467 1993 viuda
511 1909 545 1993 de
567 1909 745 1993 Bernat
756 1909 857 1993 Reig
857 1909 957 1993 jove
979 1909 1135 1993 cilurgia
1180 1909 1202 1993 de
1225 1909 1370 1993 Bara

376 1987 424 2067 Dit
448 1987 508 2067 dia
532 1987 641 2067 rebere
665 1987 701 2067 de
713 1987 835 2067 Esteva
859 1987 1003 2067 Redux
1027 1987 1136 2067 pages
1160 1987 1196 2067 de
1208 1987 1424 2067 Granollers
1448 1987 1521 2067 fill
1546 1987 1570 2067 de
1582 1987 1679 2067 Pere
1703 1987 1835 2067 Redux
1859 1987 1967 2067 pages

367 2070 516 2147 defunct
539 2070 562 2147 y
585 2070 619 2147 de
644 2070 793 2147 Beatris
827 2070 862 2147 ab
885 2070 1092 2147 Marianna
1115 2070 1287 2147 donsella
1310 2070 1403 2147 filla
1426 2070 1461 2147 de
1484 2070 1599 2147 Vidal
1621 2070 1828 2147 Montaner
1840 2070 1943 2147 pages

355 2164 386 2233 de
397 2164 533 2233 frança
554 2164 721 2233 habitant
742 2164 773 2233 en
794 2164 856 2233 St
877 2164 982 2233 Genis
1002 2164 1044 2233 de
1054 2164 1191 2233 Horta
1233 2164 1254 2233 y
1285 2164 1316 2233 de
1337 2164 1473 2233 Maria

362 2245 524 2326 Diumege
547 2245 558 2326 a
593 2245 627 2326 11
650 2245 766 2326 rebere
789 2245 823 2326 de
835 2245 1009 2326 Domingo
1021 2245 1182 2326 Llarisa
1205 2245 1309 2326 pages
1332 2245 1366 2326 del
1378 2245 1482 2326 regne
1493 2245 1539 2326 de
1551 2245 1666 2326 frança
1689 2245 1874 2326 habitant
1931 2245 1966 2326 en

390 2326 529 2416 Bara
554 2326 592 2416 ab
617 2326 820 2416 Elisabeth
846 2326 858 2416 #
896 2326 1035 2416 dosella
1060 2326 1161 2416 filla
1199 2326 1237 2416 de
1249 2326 1451 2416 francesch
1476 2326 1577 2416 Mas
1590 2326 1728 2416 mestre
1741 2326 1779 2416 de
1791 2326 1918 2416 cases

355 2414 395 2510 de
422 2414 572 2510 Bara
599 2414 612 2510 y
639 2414 679 2510 de
693 2414 908 2510 Elisabeth
949 2414 1124 2510 defuncts

373 2504 526 2576 Dilluns
556 2504 566 2576 a
597 2504 637 2576 12
688 2504 820 2576 rebere
841 2504 871 2576 de
891 2504 983 2576 Joan
1013 2504 1135 2576 Comes
1166 2504 1257 2576 jove
1278 2504 1450 2576 cilurgia
1501 2504 1532 2576 de
1542 2504 1593 2576 la
1613 2504 1705 2576 vila
1715 2504 1806 2576 dels
1827 2504 1949 2576 Prats

384 2588 452 2668 del
475 2588 565 2668 Rey
587 2588 779 2668 habitant
802 2588 847 2668 en
870 2588 1016 2668 Bara
1039 2588 1118 2668 fill
1140 2588 1174 2668 de
1197 2588 1355 2668 Antoni
1377 2588 1500 2668 Comes
1523 2588 1681 2668 texidor
1692 2588 1737 2668 de
1748 2588 1805 2668 lli
1827 2588 1850 2668 y
1872 2588 1917 2668 de

366 2682 573 2768 Andreua
609 2682 792 2768 defuncta
828 2682 877 2768 ab
901 2682 1047 2768 Maria
1071 2682 1254 2768 donsella
1266 2682 1375 2768 filla
1400 2682 1436 2768 de
1461 2682 1619 2768 Sagimo
1631 2682 1850 2768 Quadrada
1874 2682 1947 2768 pa=

362 2786 514 2884 rayre
542 2786 584 2884 de
597 2786 750 2884 Bara
777 2786 805 2884 y
833 2786 874 2884 de
902 2786 1164 2884 Magdalena
1206 2786 1386 2884 defuncts

370 2878 435 2956 Dit
457 2878 512 2956 dia
545 2878 665 2956 rebere
698 2878 731 2956 de
754 2878 908 2956 Benet
919 2878 1028 2956 font
1039 2878 1160 2956 pages
1193 2878 1247 2956 del
1258 2878 1368 2956 regne
1390 2878 1433 2956 de
1444 2878 1588 2956 frança
1610 2878 1818 2956 habitant
1840 2878 1873 2956 en
1906 2878 1982 2956 Ge=

401 2969 481 3050 lida
539 2969 585 3050 ab
608 2969 759 3050 Maria
782 2969 955 3050 donsella
1001 2969 1104 3050 filla
1139 2969 1173 3050 de
1185 2969 1346 3050 Antoni
1358 2969 1473 3050 font
1484 2969 1612 3050 pages
1635 2969 1670 3050 de
1681 2969 1750 3050 St
1773 2969 1946 3050 Sadorni

358 3069 401 3145 de
422 3069 616 3145 Subirats
649 3069 670 3145 y
702 3069 736 3145 de
747 3069 790 3145 t
865 3069 1049 3145 defuncta

370 3151 439 3230 Dit
462 3151 532 3230 dia
555 3151 693 3230 rebere
717 3151 763 3230 de
786 3151 890 3230 Joan
925 3151 1040 3230 fores
1063 3151 1237 3230 texidor
1248 3151 1295 3230 de
1306 3151 1376 3230 lli
1399 3151 1457 3230 del
1468 3151 1584 3230 regne
1607 3151 1653 3230 de
1665 3151 1827 3230 frança
1850 3151 1989 3230 habi=

379 3240 499 3332 tant
513 3240 553 3332 en
580 3240 741 3332 Bara
768 3240 822 3332 ab
835 3240 969 3332 Joana
1010 3240 1144 3332 viuda
1198 3240 1238 3332 de
1251 3240 1359 3332 Joan
1399 3240 1614 3332 Mariner
1627 3240 1775 3332 pages
1802 3240 1829 3332 de
1842 3240 2003 3332 Bara
