2690 3794
339 320 559 410 Divendres
595 320 607 410 a
644 320 656 410 4
717 320 841 410 rebere
865 320 902 410 de
926 320 1024 410 Joan
1048 320 1170 410 Bell
1182 320 1365 410 parayre
1390 320 1426 410 de
1451 320 1648 410 Terrassa
1672 320 1758 410 fill
1782 320 1819 410 de
1831 320 1941 410 An=

311 418 393 505 tich
417 418 547 505 Bell
559 418 736 505 parayre
771 418 926 505 defunct
950 418 973 505 y
1009 418 1044 505 de
1056 418 1221 505 Antiga
1245 418 1292 505 ab
1316 418 1564 505 Hieronyma
1587 418 1766 505 donsella
1790 418 1896 505 filla
1920 418 1955 505 de

348 508 439 592 Joan
484 508 621 592 Llach
655 508 815 592 texidor
827 508 872 592 de
884 508 1009 592 llana
1032 508 1236 592 habitant
1259 508 1293 592 en
1327 508 1521 592 Terrassa
1543 508 1566 592 y
1589 508 1624 592 de
1647 508 1829 592 Elisabeth
1852 508 1977 592 defuct

350 603 402 683 Dit
422 603 484 683 dia
504 603 627 683 rebere
658 603 699 683 de
720 603 855 683 Phelip
886 603 988 683 Poch
1019 603 1163 683 texidor
1183 603 1224 683 de
1245 603 1358 683 llana
1389 603 1543 683 habitat
1563 603 1604 683 en
1615 603 1748 683 Bara
1769 603 1883 683 viudo
1934 603 1975 683 ab

381 696 600 778 Clementa
631 696 819 778 donsella
840 696 945 778 filla
965 696 1007 778 de
1028 696 1132 778 Pere
1165 696 1353 778 Torrella
1384 696 1551 778 texxidor
1572 696 1614 778 de
1635 696 1749 778 llana
1781 696 1822 778 de
1833 696 1979 778 Bara

328 787 352 883 y
377 787 426 883 de
450 787 745 883 Magdalena
794 787 989 883 defuncts

345 873 406 968 Dit
431 873 504 968 dia
541 873 675 968 rebere
699 873 748 968 de
773 873 907 968 Magi
931 873 1054 968 Miro
1090 873 1225 968 pages
1249 873 1286 968 de
1310 873 1457 968 Ribes
1481 873 1579 968 fill
1603 873 1640 968 de
1664 873 1823 968 franch
1835 873 1982 968 Miro

417 975 551 1070 pages
588 975 771 1070 defunct
795 975 820 1070 y
856 975 893 1070 de
916 975 1087 1070 Coloma
1136 975 1184 1070 ab
1209 975 1477 1070 Hieronyma
1514 975 1697 1070 donsella
1721 975 1831 1070 filla
1868 975 1904 1070 de

255 1076 396 1175 Ma=
421 1076 473 1175 gi
485 1076 587 1175 Coll
600 1076 728 1175 pages
753 1076 792 1175 de
804 1076 907 1175 dita
919 1076 1124 1175 parrochia
1175 1076 1187 1175 y
1213 1076 1251 1175 de
1277 1076 1456 1175 Angela

365 1176 541 1269 Dissapte
566 1176 591 1269 a
641 1176 654 1269 5
704 1176 831 1269 rebere
857 1176 894 1269 de
907 1176 1008 1269 Joan
1033 1176 1247 1269 Massuet
1272 1176 1385 1269 pages
1410 1176 1460 1269 del
1473 1176 1599 1269 regne
1611 1176 1662 1269 de
1676 1176 1827 1269 frança
1852 1176 1953 1269 ha=

368 1267 494 1360 bitant
519 1267 557 1360 en
595 1267 872 1360 Collsabadell
910 1267 948 1360 ab
975 1267 1113 1360 Joana
1139 1267 1328 1360 donsella
1366 1267 1479 1360 filla
1504 1267 1542 1360 de
1567 1267 1819 1360 Bathomeu
1846 1267 1947 1360 Pi=

354 1368 442 1449 joan
475 1368 641 1449 texidor
652 1368 707 1449 de
718 1368 839 1449 llana
883 1368 927 1449 de
938 1368 1017 1449 Sta
1028 1368 1182 1449 Maria
1204 1368 1259 1449 de
1292 1368 1413 1449 Palau
1435 1368 1600 1449 tordera
1622 1368 1644 1449 y
1666 1368 1711 1449 de
1722 1368 1932 1449 Elisabeth

335 1462 540 1564 defuncts

335 1538 405 1614 Dit
425 1538 475 1614 dia
505 1538 625 1614 rebere
645 1538 675 1614 de
705 1538 795 1614 Pere
815 1538 986 1614 Martyr
1006 1538 1206 1614 Miralles
1216 1538 1386 1614 parayre
1406 1538 1436 1614 de
1456 1538 1637 1614 Manresa
1667 1538 1847 1614 habitant
1867 1538 1897 1614 en

347 1629 416 1716 St
438 1629 586 1716 Menat
621 1629 723 1716 fill
746 1629 780 1716 de
803 1629 905 1716 Joan
939 1629 1133 1716 Miralles
1156 1629 1315 1716 parayre
1338 1629 1361 1716 y
1383 1629 1417 1716 de
1429 1629 1668 1716 Hieronyma
1713 1629 1896 1716 defuncts

354 1722 399 1808 ab
421 1722 579 1808 Eularia
613 1722 781 1808 donsella
815 1722 917 1808 filla
950 1722 984 1808 de
1007 1722 1108 1808 Joan
1142 1722 1243 1808 Puig
1266 1722 1390 1808 pages
1412 1722 1446 1808 de
1468 1722 1525 1808 St
1536 1722 1682 1808 Menat
1716 1722 1739 1808 y
1761 1722 1795 1808 de
1817 1722 1975 1808 Eularia

346 1827 531 1922 defuncta

354 1892 424 1966 Dit
444 1892 494 1966 dia
524 1892 646 1966 rebere
666 1892 706 1966 de
726 1892 826 1966 Pere
856 1892 1007 1966 fonoll
1017 1892 1259 1966 ataconador
1279 1892 1319 1966 de
1329 1892 1459 1966 Bara
1479 1892 1589 1966 viudo
1609 1892 1650 1966 ab
1670 1892 1821 1966 Maria
1841 1892 1951 1966 viuda

383 1994 408 2085 de
420 1994 518 2085 Joan
555 1994 702 2085 Devises
726 1994 838 2085 pages
863 1994 887 2085 de
912 1994 1059 2085 Bara

356 2077 409 2157 Dit
430 2077 484 2157 dia
505 2077 632 2157 rebere
654 2077 685 2157 de
696 2077 834 2157 jaume
866 2077 1080 2157 Torroelleg
1101 2077 1218 2157 pages
1239 2077 1271 2157 de
1282 2077 1441 2157 dorrius
1452 2077 1632 2157 habitant
1653 2077 1685 2157 en
1706 2077 1908 2157 Argentona

331 2169 423 2256 fill
446 2169 481 2256 de
492 2169 642 2256 Vicens
677 2169 896 2256 Torroella
931 2169 1048 2256 pages
1083 2169 1106 2256 y
1129 2169 1163 2256 de
1186 2169 1360 2256 Antiga
1394 2169 1567 2256 defuncts
1602 2169 1648 2256 ab
1671 2169 1925 2256 Maryanna

338 2263 522 2355 donsella
559 2263 670 2355 filla
694 2263 731 2355 de
756 2263 866 2355 Joan
891 2263 1089 2355 Vinyals
1113 2263 1224 2355 pages
1261 2263 1298 2355 de
1310 2263 1543 2355 Argentona
1568 2263 1593 2355 y
1617 2263 1679 2355 de
1691 2263 1851 2355 Catha

345 2353 417 2441 Dit
441 2353 501 2441 dia
525 2353 646 2441 rebere
670 2353 706 2441 de
718 2353 887 2441 Antoni
899 2353 1117 2441 figuerola
1129 2353 1346 2441 batifuller
1382 2353 1406 2441 de
1430 2353 1551 2441 Bara
1575 2353 1647 2441 fill
1671 2353 1708 2441 de
1720 2353 1864 2441 Antoni
1876 2353 1924 2441 fi

342 2451 513 2547 guerola
539 2451 814 2547 assahonador
840 2451 880 2547 de
893 2451 1025 2547 Bara
1052 2451 1078 2547 y
1104 2451 1143 2547 de
1156 2451 1301 2547 Paula
1327 2451 1523 2547 defuncts
1563 2451 1602 2547 ab
1628 2451 1759 2547 Anna
1772 2451 1943 2547 donsella

394 2543 497 2651 filla
527 2543 571 2651 de
600 2543 821 2651 francesch
836 2543 1056 2651 Burgues
1086 2543 1352 2651 passamaner
1382 2543 1411 2651 de
1426 2543 1558 2651 Bara
1587 2543 1602 2651 y
1632 2543 1661 2651 de
1676 2543 1823 2651 Cclla
1852 2543 1999 2651 defucts

354 2654 424 2738 Dit
447 2654 505 2738 dia
540 2654 668 2738 rebere
691 2654 726 2738 de
749 2654 923 2738 Antoni
935 2654 1040 2738 font
1063 2654 1191 2738 pages
1214 2654 1261 2738 de
1272 2654 1330 2738 St
1342 2654 1470 2738 Cugat
1493 2654 1679 2738 habitant
1702 2654 1749 2738 en
1761 2654 1819 2738 St
1830 2654 1981 2738 Marti

383 2750 429 2862 de
445 2750 724 2862 Prohensals
740 2750 849 2862 fill
864 2750 911 2862 de
926 2750 1084 2862 Gullem
1115 2750 1223 2862 font
1255 2750 1379 2862 pages
1410 2750 1565 2862 defunct
1596 2750 1627 2862 y
1643 2750 1689 2862 de
1705 2750 1954 2862 Margarida

368 2848 418 2938 ab
443 2848 667 2938 Catherina
705 2848 842 2938 viuda
879 2848 917 2938 de
942 2848 1091 2938 Damia
1141 2848 1341 2938 Rossello
1353 2848 1478 2938 pages
1503 2848 1553 2938 de
1565 2848 1640 2938 St
1665 2848 1840 2938 Marti

354 2947 408 3023 Dit
430 2947 494 3023 dia
516 2947 657 3023 donare
679 2947 840 3023 llicentia
884 2947 1002 3023 gratis
1024 2947 1034 3023 a
1067 2947 1174 3023 Pere
1197 2947 1316 3023 Lloti
1327 2947 1456 3023 conrer
1477 2947 1661 3023 habitant
1682 2947 1725 3023 en
1747 2947 1888 3023 Bara

365 3030 495 3122 viudo
534 3030 586 3122 ab
612 3030 754 3122 Cecilia
767 3030 963 3122 donsella
989 3030 1106 3122 filla
1132 3030 1170 3122 de
1183 3030 1326 3122 Steve
1339 3030 1548 3122 Castanyer
1561 3030 1677 3122 celler
1703 3030 1729 3122 de
1755 3030 1898 3122 Bara

353 3130 388 3212 y
411 3130 446 3212 de
470 3130 622 3212 Maria
657 3130 831 3212 defuncts

349 3198 425 3286 Dit
450 3198 513 3286 dia
539 3198 678 3286 rebere
704 3198 742 3286 de
754 3198 869 3286 Pere
894 3198 1035 3286 Roger
1060 3198 1175 3286 pages
1213 3198 1238 3286 de
1251 3198 1314 3286 St
1327 3198 1492 3286 Quirse
1504 3198 1555 3286 de
1568 3198 1695 3286 besora
1707 3198 1847 3286 bisbat
1860 3198 1898 3286 de
1910 3198 1999 3286 Vich

396 3285 490 3376 fill
503 3285 529 3376 de
556 3285 714 3376 Antoni
727 3285 859 3376 Roger
885 3285 1030 3376 sabater
1056 3285 1083 3376 y
1096 3285 1136 3376 de
1149 3285 1267 3376 joana
1294 3285 1465 3376 defuncts
1491 3285 1531 3376 ab
1544 3285 1796 3376 Magdalena
1809 3285 1954 3376 dosella

360 3368 470 3453 filla
495 3368 532 3453 de
544 3368 680 3453 Llatser
692 3368 791 3453 Robi
803 3368 951 3453 texidor
964 3368 1000 3453 de
1013 3368 1050 3453 la
1062 3368 1236 3453 Amella
1273 3368 1286 3453 y
1310 3368 1347 3453 de
1359 3368 1544 3453 Marcala
1581 3368 1766 3453 defuncts
