2690 3794
298 326 524 416 Dilluns
558 326 581 416 a
615 326 660 416 31
706 326 751 416 de
774 326 830 416 dit
864 326 1000 416 rebere
1023 326 1057 416 de
1079 326 1249 416 Agusti
1272 326 1442 416 Planes
1464 326 1670 416 scudaller
1704 326 1738 416 de
1760 326 1896 416 Bara

315 427 402 513 fill
445 427 478 513 de
499 427 597 513 Juan
640 427 780 513 Planes
813 427 986 513 samoler
1008 427 1181 513 defunct
1213 427 1235 513 y
1267 427 1300 513 de
1321 427 1559 513 Maryanna
1613 427 1656 513 ab
1678 427 1840 513 Angela
1862 427 2035 513 donsella

439 511 537 597 filla
559 511 592 597 de
602 511 700 597 Pere
724 511 854 597 Bosch
876 511 1029 597 mariner
1050 511 1083 597 de
1094 511 1246 597 Mataro
1279 511 1301 597 y
1323 511 1344 597 de
1366 511 1497 597 juana
1519 511 1671 597 Angela
1715 511 1889 597 defuncts

339 602 404 685 Dit
425 602 479 685 dia
511 602 640 685 rebere
662 602 694 685 de
716 602 803 685 joan
825 602 911 685 Pau
932 602 1083 685 Gayris
1115 602 1244 685 fuster
1276 602 1309 685 de
1320 602 1459 685 Bara
1481 602 1558 685 fill
1579 602 1611 685 de
1622 602 1773 685 Antoni
1783 602 1859 685 Pau

308 693 450 778 Carris
483 693 637 778 parayre
659 693 803 778 defunct
836 693 847 778 y
869 693 902 778 de
924 693 1067 778 Antiga
1111 693 1144 778 ab
1166 693 1396 778 Hieronyma
1418 693 1583 778 donsella
1605 693 1705 778 filla
1727 693 1760 778 de
1782 693 1958 778 Hierony

350 799 471 883 Vilar
493 799 646 883 parxer
679 799 712 883 de
723 799 856 883 Bara
878 799 900 883 y
922 799 966 883 de
977 799 1207 883 Margarida
