2690 3794
392 285 585 360 Divendres
620 285 638 360 a
673 285 717 360 25
761 285 875 360 rebere
910 285 936 360 de
954 285 1112 360 Ramon
1139 285 1245 360 Prats
1271 285 1438 360 hostaler
1456 285 1640 360 habitant
1666 285 1693 360 en
1728 285 1851 360 Bara
1868 285 1982 360 viudo

413 373 456 449 ab
474 373 605 449 Paula
648 373 762 449 viuda
814 373 849 449 de
858 373 1006 449 jaume
1042 373 1243 449 domenech
1278 373 1444 449 calafat
1470 373 1558 449 mori
1584 373 1619 449 en
1636 373 1758 449 Bara

406 456 463 536 Dit
482 456 530 536 dia
559 456 673 536 rebere
692 456 730 536 de
749 456 903 536 Antoni
922 456 1085 536 Rovira
1113 456 1218 536 pages
1247 456 1276 536 de
1295 456 1438 536 Vilalbi
1457 456 1533 536 fill
1552 456 1592 536 de
1611 456 1745 536 jaume
1764 456 1926 536 Rovira
1955 456 2069 536 sastre

421 548 442 635 y
462 548 494 635 de
514 548 724 635 Catherina
765 548 942 635 defuncts
983 548 1025 635 ab
1035 548 1254 635 Maryanna
1274 548 1430 635 donsella
1461 548 1556 635 filla
1587 548 1619 635 de
1639 548 1775 635 jaume
1795 548 1951 635 Respay

362 640 483 732 pages
517 640 561 732 de
572 640 715 732 Lavit
737 640 771 732 y
782 640 826 732 de
859 640 1157 732 Montserrada

406 720 472 802 Dit
494 720 550 802 dia
583 720 694 802 rebere
727 720 760 802 de
773 720 939 802 Mathia
972 720 1083 802 Sans
1105 720 1237 802 sastre
1260 720 1304 802 de
1326 720 1459 802 Bara
1470 720 1582 802 viudo
1615 720 1660 802 ab
1682 720 1925 802 Maryanna

378 802 543 896 dosella
568 802 682 896 filla
707 802 759 896 de
772 802 962 896 Raphel
975 802 1126 896 Sabata
1152 802 1342 896 barrater
1367 802 1405 896 de
1417 802 1557 896 Bara
1582 802 1595 896 y
1622 802 1647 896 de
1660 802 1875 896 Mathiana
1913 802 2052 896 defucta

411 905 471 996 Dit
495 905 544 996 dia
580 905 701 996 rebere
737 905 774 996 de
786 905 1005 996 Hyacinto
1017 905 1174 996 Vicens
1199 905 1392 996 Sculptor
1428 905 1465 996 de
1477 905 1622 996 Bara
1634 905 1719 996 fill
1744 905 1781 996 de
1793 905 1902 996 Pere
1914 905 1998 996 Vi=

388 1009 480 1095 cens
503 1009 653 1095 notari
676 1009 849 1095 defunct
872 1009 895 1095 y
918 1009 952 1095 de
975 1009 1195 1095 Catherina
1253 1009 1299 1095 ab
1322 1009 1587 1095 Maryanna
1610 1009 1794 1095 donsella
1817 1009 1922 1095 filla

371 1103 407 1192 de
431 1103 610 1192 Antoni
622 1103 753 1192 Pons
765 1103 968 1192 argenter
1004 1103 1028 1192 y
1064 1103 1100 1192 de
1125 1103 1268 1192 Anna
1328 1103 1531 1192 defuncts

411 1195 581 1280 Dissapte
603 1195 626 1280 a
671 1195 716 1280 26
761 1195 897 1280 rebere
919 1195 953 1280 de
975 1195 1133 1280 Antoni
1145 1195 1337 1280 Colomer
1348 1195 1540 1280 parayre
1574 1195 1607 1280 de
1630 1195 1833 1280 Terrassa
1856 1195 1946 1280 fill
1969 1195 2014 1280 de

440 1282 611 1362 Antoni
632 1282 792 1362 Colomer
802 1282 973 1362 texidor
983 1282 1026 1362 de
1036 1282 1154 1362 llana
1207 1282 1377 1362 defunct
1398 1282 1420 1362 y
1441 1282 1483 1362 de
1494 1282 1707 1362 Elisabeth
1760 1282 1803 1362 ab
1824 1282 2037 1362 Catherina

401 1372 588 1474 dosella
615 1372 722 1474 filla
749 1372 789 1474 de
816 1372 990 1474 Antich
1004 1372 1191 1474 Rossell
1205 1372 1352 1474 baster
1379 1372 1419 1474 de
1446 1372 1660 1474 Terrassa
1687 1372 1821 1474 defuct
1834 1372 1861 1474 y
1888 1372 1928 1474 de
1941 1372 1995 1474 t

409 1473 464 1555 Dit
486 1473 542 1555 dia
575 1473 697 1555 rebere
719 1473 752 1555 de
775 1473 874 1555 Pere
897 1473 1074 1555 fabregas
1096 1473 1261 1555 texidor
1272 1473 1316 1555 de
1338 1473 1405 1555 lli
1427 1473 1460 1555 de
1482 1473 1604 1555 Bara
1615 1473 1726 1555 viudo
1760 1473 1804 1555 ab
1815 1473 1992 1555 Beatris

380 1572 512 1654 viuda
556 1572 600 1654 de
622 1572 810 1654 Matheu
843 1572 995 1654 Badia
1028 1572 1149 1654 pages
1193 1572 1204 1654 e
1226 1572 1314 1654 mori
1347 1572 1381 1654 en
1414 1572 1557 1654 Bara

405 1663 462 1752 Dit
496 1663 552 1752 dia
575 1663 700 1752 rebere
734 1663 768 1752 de
791 1663 951 1752 Antoni
962 1663 1166 1752 Masnou
1200 1663 1382 1752 parayre
1416 1663 1439 1752 y
1461 1663 1654 1752 baxador
1677 1663 1722 1752 de
1745 1663 1882 1752 Bara
1905 1663 1996 1752 fill
2019 1663 2053 1752 de

436 1760 591 1860 jaume
617 1760 811 1860 Masnou
836 1760 953 1860 boter
979 1760 1017 1860 de
1043 1760 1239 1860 Vilassar
1264 1760 1290 1860 y
1329 1760 1368 1860 de
1394 1760 1665 1860 Margarida
1717 1760 1768 1860 ab
1781 1760 2014 1860 Speransa

463 1853 648 1949 donsella
673 1853 773 1949 filla
810 1853 847 1949 de
859 1853 1019 1949 Antoni
1044 1853 1180 1949 fages
1192 1853 1451 1949 padranyaler
1475 1853 1512 1949 de
1537 1853 1673 1949 Bara
1697 1853 1710 1949 y
1748 1853 1785 1949 de
1797 1853 1970 1949 Eularia

416 1949 608 2056 defuncts

402 2022 462 2110 Dit
486 2022 533 2110 dia
569 2022 688 2110 rebere
712 2022 760 2110 de
795 2022 843 2110 Sr
855 2022 1095 2110 Hernando
1107 2022 1154 2110 de
1178 2022 1297 2110 Viota
1321 2022 1523 2110 infanson
1571 2022 1619 2110 de
1642 2022 1797 2110 Guesca
1833 2022 1893 2110 del
1916 2022 2035 2110 regne

427 2117 476 2206 de
500 2117 646 2206 Arago
658 2117 794 2206 viudo
830 2117 879 2206 ab
903 2117 940 2206 la
976 2117 1050 2206 Sra
1074 2117 1220 2206 Maria
1257 2117 1378 2206 viuda
1415 2117 1452 2206 de
1476 2117 1683 2206 Hieronym
1720 2117 1890 2206 Castillo
1914 2117 1963 2206 de

403 2212 660 2322 Barbastre
690 2212 720 2322 de
750 2212 811 2322 dit
826 2212 961 2322 regne
976 2212 1036 2322 de
1051 2212 1216 2322 Arnago

403 2305 477 2395 Dit
502 2305 552 2395 dia
577 2305 701 2395 rebere
726 2305 775 2395 de
788 2305 924 2395 Giralt
937 2305 1185 2395 Cambunyes
1197 2305 1360 2395 rajoler
1385 2305 1435 2395 del
1460 2305 1571 2395 regne
1584 2305 1633 2395 de
1646 2305 1807 2395 frana
1832 2305 1993 2395 habitat

427 2398 467 2494 en
494 2398 561 2494 St
574 2398 667 2494 Boy
694 2398 748 2494 ab
761 2398 921 2494 Maria
948 2398 1135 2494 donsella
1162 2398 1269 2494 filla
1296 2398 1336 2494 de
1349 2398 1538 2494 Bernat
1551 2398 1765 2494 Jonquera
1792 2398 1912 2494 pages
1939 2398 2059 2494 defuct

412 2514 430 2579 y
448 2514 484 2579 de
511 2514 548 2579 t

404 2558 463 2641 Dit
486 2558 545 2641 dia
580 2558 722 2641 donare
745 2558 910 2641 llicentia
957 2558 1074 2641 gratis
1110 2558 1121 2641 a
1145 2558 1417 2641 Barthomeu
1452 2558 1546 2641 Llor
1581 2558 1758 2641 parayre
1793 2558 1828 2641 de
1852 2558 1969 2641 Lledo

366 2654 511 2748 bisbat
524 2654 577 2748 de
590 2654 762 2748 Girona
788 2654 986 2748 habitant
1012 2654 1052 2748 en
1065 2654 1210 2748 Bara
1223 2654 1315 2748 fill
1342 2654 1370 2748 de
1383 2654 1528 2748 Costmna
1554 2654 1647 2748 Llor
1673 2654 1858 2748 parayre
1897 2654 1923 2748 y
1976 2654 2016 2748 de

431 2746 744 2852 Montserrada
774 2746 982 2852 defuncts
1027 2746 1071 2852 ab
1101 2746 1399 2852 Hieronyma
1414 2746 1593 2852 dosella
1607 2746 1712 2852 filla
1741 2746 1803 2852 del
1847 2746 2056 2852 Hospital

410 2854 601 2945 General
614 2854 678 2945 de
691 2854 742 2945 la
780 2854 857 2945 pnt
882 2854 1023 2945 ciutat

405 2919 484 3012 Dit
510 2919 562 3012 dia
588 2919 718 3012 rebere
758 2919 797 3012 de
823 2919 1005 3012 Bernat
1018 2919 1177 3012 Badia
1216 2919 1398 3012 parayre
1438 2919 1477 3012 de
1490 2919 1646 3012 Bara
1659 2919 1751 3012 fill
1777 2919 1816 3012 de
1829 2919 1999 3012 Arnau

421 3024 569 3120 Badia
582 3024 759 3120 parayre
786 3024 947 3120 defunct
974 3024 1001 3120 y
1028 3024 1068 3120 de
1095 3024 1404 3120 Montserrada
1445 3024 1485 3120 ab
1512 3024 1700 3120 Marina
1714 3024 1862 3120 dosella
1875 3024 1984 3120 filla

393 3120 433 3215 de
460 3120 634 3215 Llorens
660 3120 834 3215 Tolosa
861 3120 1035 3215 texidor
1048 3120 1102 3215 de
1128 3120 1249 3215 llana
1302 3120 1342 3215 de
1369 3120 1529 3215 Bara
1556 3120 1583 3215 y
1610 3120 1651 3215 de
1678 3120 1932 3215 Maryanna

410 3223 506 3361 tots
545 3223 758 3361 defuncts
