2690 3794
326 289 373 412 Dit
514 289 702 412 eree
733 289 749 412 a
812 289 827 412 2
859 289 986 412 rebere
1018 289 1049 412 de
1065 289 1253 412 Miquel
1269 289 1410 412 Sirera
1425 289 1614 412 parayre
1645 289 1676 412 de
1692 289 1911 412 Puigcerda
1927 289 2068 412 bisbat

411 408 443 491 de
474 408 612 491 Urgell
623 408 812 491 habitant
833 408 865 491 en
886 408 1022 491 Bara
1043 408 1117 491 fill
1138 408 1170 491 de
1191 408 1285 491 Joan
1306 408 1453 491 Sirera
1497 408 1655 491 payayre
1686 408 1697 491 y
1728 408 1760 491 de
1770 408 1970 491 francisca
2002 408 2033 491 de

420 496 552 582 functs
585 496 629 582 ab
651 496 861 582 Elisabeth
905 496 1025 582 viuda
1058 496 1091 582 de
1113 496 1157 582 t
1245 496 1454 582 Ramera
1486 496 1629 582 mestre
1651 496 1696 582 de
1707 496 1806 582 cases
1839 496 1872 582 de
1894 496 2048 582 Solsona

417 843 585 927 Dimars
618 843 629 927 a
685 843 697 927 4
741 843 864 927 rebere
887 843 920 927 de
942 843 1078 927 Marti
1100 843 1246 927 Parera
1279 843 1402 927 pages
1424 843 1458 927 de
1469 843 1682 927 Vilamajor
1693 843 1782 927 fill
1816 843 1849 927 de
1860 843 1961 927 Joan

369 935 541 1028 Parera
578 935 700 1028 pages
724 935 749 1028 y
773 935 810 1028 de
822 935 956 1028 Joana
1005 935 1176 1028 defuncts
1225 935 1262 1028 ab
1286 935 1530 1028 Maryanna
1555 935 1727 1028 donsella
1752 935 1849 1028 filla
1886 935 1935 1028 de

385 1038 527 1114 Marti
548 1038 649 1114 font
680 1038 700 1114 y
720 1038 923 1114 Cabanyes
944 1038 1127 1114 parayre
1157 1038 1198 1114 de
1209 1038 1270 1114 St
1290 1038 1433 1114 Celoni
1453 1038 1473 1114 y
1493 1038 1524 1114 de
1544 1038 1707 1114 Eleonor

424 1121 493 1198 Dit
513 1121 572 1198 dia
612 1121 741 1198 rebere
770 1121 811 1198 de
831 1121 920 1198 Pere
950 1121 1108 1198 Olivella
1148 1121 1326 1198 parayre
1366 1121 1405 1198 de
1425 1121 1485 1198 St
1504 1121 1654 1198 Menat
1674 1121 1753 1198 fill
1773 1121 1813 1198 de
1823 1121 2031 1198 francesch

451 1213 620 1300 Olivella
653 1213 823 1300 parayre
857 1213 880 1300 y
902 1213 947 1300 de
969 1213 1250 1300 Montserrada
1306 1213 1351 1300 ab
1374 1213 1509 1300 Cecilia
1531 1213 1711 1300 donsella
1735 1213 1847 1300 filla
1870 1213 1903 1300 de
1926 1213 2049 1300 Miqs

454 1308 691 1400 Ramoneda
715 1308 834 1400 pages
869 1308 893 1400 y
917 1308 952 1400 de
976 1308 1215 1400 Margarida
1262 1308 1452 1400 defuncts

412 1391 485 1474 Dit
506 1391 557 1474 dia
589 1391 724 1474 rebere
755 1391 786 1474 de
807 1391 911 1474 Joan
942 1391 1108 1474 Victoria
1139 1391 1233 1474 font
1254 1391 1472 1474 negociant
1493 1391 1524 1474 de
1545 1391 1690 1474 Bara
1700 1391 1825 1474 viudo
1856 1391 1898 1474 ab
1908 1391 2045 1474 Mar=

379 1477 519 1563 garida
551 1477 680 1563 viuda
734 1477 777 1563 de
798 1477 1067 1563 Barthomeu
1110 1477 1239 1563 Vidal
1260 1477 1400 1563 mestre
1422 1477 1465 1563 de
1486 1477 1583 1563 cases
1615 1477 1647 1563 de
1669 1477 1819 1563 Bara

410 1576 484 1656 Dit
505 1576 558 1656 dia
590 1576 717 1656 rebere
759 1576 801 1656 de
822 1576 917 1656 Pere
939 1576 1118 1656 Vinaxa
1139 1576 1235 1656 jove
1256 1576 1404 1656 mestre
1425 1576 1467 1656 de
1488 1576 1605 1656 cases
1636 1576 1668 1656 de
1689 1576 1869 1656 Alcanys
1890 1576 1953 1656 del
1975 1576 2092 1656 regne

462 1661 512 1736 de
522 1661 662 1736 Arago
672 1661 863 1736 habitant
883 1661 923 1736 en
943 1661 1073 1736 Bara
1093 1661 1133 1736 ab
1163 1661 1314 1736 Maria
1334 1661 1464 1736 viuda
1504 1661 1544 1736 de
1555 1661 1595 1736 t
1655 1661 1805 1736 Marti
1825 1661 1996 1736 moliner

420 1754 537 1831 Dijous
569 1754 590 1831 a
622 1754 633 1831 6
686 1754 803 1831 rebere
824 1754 856 1831 de
878 1754 973 1831 Joan
1005 1754 1166 1831 Milans
1188 1754 1368 1831 mariner
1400 1754 1432 1831 de
1454 1754 1581 1831 Canet
1603 1754 1741 1831 bisbat
1762 1754 1805 1831 de
1826 1754 1996 1831 Gerona

437 1838 529 1912 fill
560 1838 602 1912 de
633 1838 799 1912 March
830 1838 995 1912 Antoni
1015 1838 1211 1912 Milans
1242 1838 1428 1912 mariner
1459 1838 1479 1912 y
1510 1838 1552 1912 de
1572 1838 1603 1912 t
1675 1838 1861 1912 defuncta
1902 1838 1943 1912 ab
1965 1838 2099 1912 Mar=

448 1929 597 2019 garida
622 1929 783 2019 dosella
808 1929 920 2019 filla
945 1929 982 2019 de
1007 1929 1193 2019 Bernat
1206 1929 1392 2019 Mathia
1429 1929 1603 2019 parayre
1640 1929 1678 2019 de
1703 1929 1903 2019 Terrassa
1940 1929 1977 2019 de

429 2024 549 2121 funct
575 2024 602 2121 y
628 2024 668 2121 de
681 2024 893 2121 Elisabeth

411 2100 466 2181 Dit
477 2100 532 2181 dia
564 2100 696 2181 rebere
729 2100 762 2181 de
773 2100 872 2181 Pere
894 2100 1103 2181 Baxeres
1135 2100 1256 2181 pages
1289 2100 1333 2181 de
1344 2100 1410 2181 St
1432 2100 1597 2181 Menat
1619 2100 1706 2181 fill
1728 2100 1761 2181 de
1783 2100 1981 2181 Lleonart

363 2201 595 2286 Baxeres
618 2201 746 2286 pages
781 2201 966 2286 defunct
989 2201 1013 2286 y
1036 2201 1071 2286 de
1094 2201 1233 2286 Joana
1279 2201 1325 2286 ab
1349 2201 1546 2286 Antonia
1580 2201 1708 2286 viuda
1766 2201 1812 2286 de
1824 2201 1882 2286 t

414 2309 609 2389 Corderes
642 2309 762 2389 pages
795 2309 838 2389 de
860 2309 925 2389 St
958 2309 1121 2389 Menat

398 2392 622 2484 Divendres
647 2392 659 2484 a
709 2392 722 2484 7
771 2392 910 2484 rebere
934 2392 984 2484 de
1009 2392 1283 2484 Alexandre
1320 2392 1556 2484 Bugunya
1581 2392 1719 2484 pages
1744 2392 1781 2484 de
1794 2392 2018 2484 Terrassa

422 2487 513 2583 fill
539 2487 578 2583 de
591 2487 773 2583 Antoni
799 2487 917 2583 Joan
943 2487 1164 2583 Bugunya
1190 2487 1320 2583 pages
1345 2487 1514 2583 defunct
1540 2487 1566 2583 y
1579 2487 1618 2583 de
1631 2487 1801 2583 Beneta
1853 2487 1905 2583 ab
1931 2487 2009 2583 Pau

402 2587 458 2670 La
492 2587 683 2670 donsella
716 2587 818 2670 filla
863 2587 909 2670 de
931 2587 1134 2670 Nicolau
1167 2587 1291 2670 Serra
1313 2587 1437 2670 pages
1459 2587 1493 2670 de
1504 2587 1549 2670 St
1561 2587 1685 2670 Cugat
1697 2587 1719 2670 y
1742 2587 1787 2670 de
1798 2587 1989 2670 Antonia

407 2677 469 2754 Dit
490 2677 552 2754 dia
583 2677 708 2754 rebere
739 2677 770 2754 de
791 2677 956 2754 Ramon
987 2677 1133 2754 Marti
1143 2677 1288 2754 hortola
1330 2677 1361 2754 de
1371 2677 1506 2754 Bara
1516 2677 1630 2754 viudo
1651 2677 1703 2754 ab
1713 2677 1858 2754 Paula
1879 2677 2003 2754 viuda

413 2772 452 2869 de
478 2772 543 2869 t
634 2772 817 2869 Correja
830 2772 1039 2869 serrador
1065 2772 1104 2869 de
1117 2772 1182 2869 St
1195 2772 1352 2869 Celoni

396 2860 463 2941 Dit
485 2860 541 2941 dia
575 2860 697 2941 rebere
731 2860 764 2941 de
775 2860 877 2941 Pere
900 2860 989 2941 Ros
1011 2860 1179 2941 cotxero
1212 2860 1268 2941 del
1279 2860 1402 2941 regne
1413 2860 1458 2941 de
1480 2860 1636 2941 frana
1658 2860 1838 2941 habitat
1861 2860 1894 2941 en
1905 2860 2039 2941 Bara

383 2955 423 3052 ab
449 2955 728 3052 Magdalena
755 2955 914 3052 dosella
928 2955 1035 3052 filla
1062 2955 1102 3052 de
1128 2955 1182 3052 t
1248 2955 1434 3052 Saneta
1461 2955 1580 3052 pages
1607 2955 1647 3052 de
1660 2955 1806 3052 Berga
1819 2955 1979 3052 bisbat

388 3064 437 3154 de
463 3064 622 3154 Urgell
646 3064 671 3154 y
695 3064 732 3154 de
756 3064 903 3154 joana

395 3125 474 3218 Dit
500 3125 565 3218 dia
605 3125 749 3218 rebere
775 3125 814 3218 de
827 3125 906 3218 Joa
932 3125 1089 3218 Benet
1102 3125 1311 3218 Arnella
1337 3125 1468 3218 pages
1494 3125 1520 3218 de
1547 3125 1743 3218 Terrassa
1756 3125 1848 3218 fill
1874 3125 1900 3218 de
1926 3125 2083 3218 Gabriel

449 3222 649 3310 Arnella
675 3222 812 3310 pages
837 3222 1002 3310 defunct
1039 3222 1052 3310 y
1077 3222 1114 3310 de
1139 3222 1315 3310 Eleonor
1352 3222 1402 3310 ab
1415 3222 1578 3310 Maria
1590 3222 1740 3310 dosella
1765 3222 1878 3310 filla
1903 3222 1928 3310 de
1953 3222 2053 3310 Joan

479 3324 618 3413 Mimo
630 3324 756 3413 pages
781 3324 819 3413 de
844 3324 1045 3413 Sabadell
1058 3324 1209 3413 defunct
1234 3324 1259 3413 y
1284 3324 1322 3413 de
1347 3324 1523 3413 Angela
