2690 3794
271 277 412 397 Dile
521 277 709 397 iendres
740 277 772 397 a
819 277 834 397 2
881 277 1053 397 reberem
1100 277 1147 397 de
1163 277 1351 397 Andreu
1384 277 1635 397 Tvaller
1666 277 1682 397 #
1697 277 1869 397 marcar
1885 277 1948 397 de
1948 277 1979 397 l

413 407 569 499 Regne
604 407 652 499 de
676 407 832 499 frança
868 407 1083 499 habitant
1119 407 1155 499 en
1191 407 1358 499 Bara
1382 407 1430 499 ab
1454 407 1719 499 Maryanna
1743 407 1922 499 donsella
1946 407 2066 499 filla

462 502 507 587 de
518 502 673 587 Esteva
695 502 894 587 Dervine
928 502 1105 587 parayre
1149 502 1182 587 de
1205 502 1426 587 Navarra
1459 502 1649 587 habitant
1682 502 1715 587 en
1738 502 1893 587 Bara
1915 502 1937 587 y

405 585 458 686 de
485 585 696 686 Elisabeth

408 661 595 744 Dissapte
617 661 639 744 a
672 661 683 744 3
738 661 871 744 rebere
893 661 926 744 de
948 661 1047 744 Joan
1080 661 1212 744 Vives
1246 661 1389 744 barber
1433 661 1444 744 #
1653 661 1719 744 del
1742 661 1874 744 Albi
1885 661 1940 744 del
1962 661 2061 744 Ar=

437 750 658 838 chebisbat
681 750 739 838 de
761 750 994 838 Tarragona
1028 750 1238 838 habitant
1261 750 1296 838 en
1319 750 1459 838 Bara
1482 750 1586 838 viudo
1633 750 1679 838 ab
1703 750 1830 838 Anna
1854 750 1982 838 viuda

435 852 475 954 de
489 852 639 954 jaume
666 852 843 954 Sistero
856 852 1047 954 botiguer
1074 852 1115 954 de
1142 852 1292 954 Bara

412 945 477 1028 Dit
499 945 553 1028 dia
586 945 716 1028 donare
738 945 900 1028 llicentia
944 945 1052 1028 gratis
1074 945 1096 1028 a
1106 945 1204 1028 Joan
1237 945 1291 1028 Pi
1312 945 1421 1028 pages
1453 945 1508 1028 del
1519 945 1627 1028 regne
1649 945 1692 1028 de
1703 945 1855 1028 frança

308 1032 518 1116 habitant
541 1032 585 1116 en
618 1032 673 1116 St
696 1032 850 1116 Vicens
884 1032 972 1116 dels
994 1032 1116 1116 horts
1159 1032 1181 1116 #
1281 1032 1303 1116 #
1358 1032 1380 1116 t
1425 1032 1469 1116 ab
1502 1032 1712 1116 Elisabeth
1734 1032 1934 1116 donsella

389 1121 485 1213 filla
509 1121 545 1213 de
569 1121 749 1213 Bernat
773 1121 954 1213 Alegre
978 1121 1110 1213 pages
1146 1121 1194 1213 de
1206 1121 1266 1213 St
1278 1121 1446 1213 Coloma
1482 1121 1662 1213 defunct
1686 1121 1710 1213 y
1734 1121 1758 1213 de
1782 1121 1974 1213 Miquela

418 1214 485 1293 Dit
507 1214 562 1293 dia
607 1214 740 1293 rebere
762 1214 806 1293 de
819 1214 996 1293 Antoni
1019 1214 1196 1293 Rovira
1230 1214 1352 1293 pages
1385 1214 1429 1293 de
1452 1214 1518 1293 dos
1540 1214 1629 1293 cius
1664 1214 1741 1293 fill
1764 1214 1797 1293 de
1819 1214 2030 1293 Bartho=

422 1310 512 1401 meu
537 1310 691 1401 Riera
729 1310 857 1401 pages
883 1310 908 1401 y
934 1310 987 1401 de
1012 1310 1268 1401 Margarida
1306 1310 1319 1401 #
1358 1310 1409 1401 ab
1434 1310 1652 1401 francisca
1677 1310 1869 1401 donsella
1895 1310 2012 1401 filla

449 1397 486 1485 de
511 1397 549 1485 t
623 1397 773 1485 Guilla
785 1397 910 1485 pages
947 1397 984 1485 de
1009 1397 1184 1485 Llerona
1221 1397 1260 1485 y
1285 1397 1322 1485 de
1347 1397 1384 1485 t
1459 1397 1646 1485 defuncts

411 1482 624 1571 Diumenge
661 1482 674 1571 a
724 1482 737 1571 4
799 1482 937 1571 rebere
962 1482 987 1571 de
1012 1482 1162 1571 Benet
1174 1482 1337 1571 Alegre
1362 1482 1487 1571 pages
1524 1482 1549 1571 de
1562 1482 1712 1571 Bara
1724 1482 1837 1571 viudo
1862 1482 1912 1571 ab
1937 1482 2012 1571 Ca=

386 1575 565 1665 therina
591 1575 793 1665 donsella
831 1575 945 1665 filla
970 1575 1008 1665 de
1021 1575 1211 1665 Miquel
1224 1575 1388 1665 Condal
1401 1575 1591 1665 sabater
1616 1575 1667 1665 de
1680 1575 1819 1665 Bara
1831 1575 1857 1665 y
1895 1575 1958 1665 de

380 1679 642 1772 Elisabeth

425 1745 556 1828 Diluns
580 1745 603 1828 a
627 1745 639 1828 5
687 1745 805 1828 rebere
829 1745 865 1828 de
889 1745 960 1828 Pau
972 1745 1091 1828 Riera
1114 1745 1233 1828 pages
1257 1745 1292 1828 de
1304 1745 1352 1828 St
1364 1745 1496 1828 Celoni
1508 1745 1591 1828 fill
1615 1745 1638 1828 de
1662 1745 1829 1828 Raphel
1864 1745 2007 1828 Riera

436 1842 569 1935 pages
609 1842 809 1935 defunct
835 1842 849 1935 y
889 1842 929 1935 de
955 1842 1115 1935 Antiga
1169 1842 1235 1935 ab
1262 1842 1542 1935 Margarida
1568 1842 1768 1935 donsella
1795 1842 1915 1935 filla
1941 1842 1981 1935 de

399 1942 550 2038 jaume
577 1942 702 2038 Troy
716 1942 908 2038 traginer
949 1942 963 2038 y
990 1942 1031 2038 de
1045 1942 1305 2038 Margarida
1346 1942 1442 2038 tots
1470 1942 1511 2038 de
1525 1942 1634 2038 dita
1648 1942 1881 2038 parrochia

415 2029 480 2110 Dit
512 2029 555 2110 dia
587 2029 716 2110 rebere
737 2029 780 2110 de
801 2029 973 2110 Narcis
995 2029 1200 2110 domenech
1232 2029 1403 2110 sabater
1436 2029 1479 2110 de
1500 2029 1650 2110 Caldes
1672 2029 1725 2110 de
1736 2029 1918 2110 Monbuy
1940 2029 2026 2110 fill

449 2125 488 2225 de
502 2125 660 2225 jaume
688 2125 926 2225 domenech
952 2125 1124 2225 sabater
1164 2125 1349 2225 defunct
1375 2125 1388 2225 y
1428 2125 1468 2225 de
1481 2125 1626 2225 Paula
1705 2125 1758 2225 ab
1785 2125 1983 2225 Costansa

467 2231 666 2330 donsella
692 2231 797 2330 filla
824 2231 863 2330 de
889 2231 1179 2330 Barthomeu
1205 2231 1416 2330 Olivellas
1442 2231 1639 2330 parayre
1679 2231 1692 2330 y
1718 2231 1758 2330 de
1771 2231 2021 2330 Margarida

431 2329 501 2415 tots
547 2329 740 2415 defuncts
774 2329 797 2415 y
820 2329 854 2415 de
877 2329 968 2415 dita
1014 2329 1105 2415 vila

418 2409 481 2500 Dit
506 2409 555 2500 dia
593 2409 717 2500 rebere
742 2409 805 2500 del
830 2409 879 2500 Sr
904 2409 1068 2500 Miquel
1080 2409 1130 2500 de
1143 2409 1280 2500 Oliver
1317 2409 1367 2500 Sr
1392 2409 1429 2500 de
1454 2409 1691 2500 Balsareny
1716 2409 1853 2500 bisbat
1865 2409 1928 2500 de

402 2507 506 2591 Vich
540 2507 634 2591 fill
657 2507 715 2591 del
738 2507 784 2591 Sr
807 2507 1015 2591 ferrando
1038 2507 1084 2591 de
1107 2507 1257 2591 Oliver
1280 2507 1303 2591 y
1326 2507 1361 2591 de
1384 2507 1418 2591 la
1453 2507 1522 2591 Sra
1545 2507 1672 2591 Anna
1720 2507 1916 2591 defuncts
1950 2507 1997 2591 ab

439 2605 477 2697 la
514 2605 590 2697 Sra
628 2605 716 2697 dona
741 2605 879 2697 Isabel
904 2605 955 2697 de
967 2605 1118 2697 sabera
1144 2605 1282 2697 viuda
1321 2605 1359 2697 de
1384 2605 1435 2697 do
1460 2605 1649 2697 Hierony
1661 2605 1888 2697 Albanell

416 2717 597 2791 Dimecres
627 2717 647 2791 a
697 2717 707 2791 7
737 2717 868 2791 rebere
888 2717 918 2791 de
939 2717 1060 2791 Lluch
1090 2717 1190 2791 Mas
1210 2717 1351 2791 mestre
1361 2717 1401 2791 de
1421 2717 1521 2791 cases
1542 2717 1582 2791 de
1592 2717 1642 2791 St
1652 2717 1823 2791 Sadorni
1843 2717 1933 2791 fill
1973 2717 2003 2791 de

412 2803 512 2884 Pere
534 2803 633 2884 Mas
655 2803 797 2884 mestre
819 2803 874 2884 de
885 2803 995 2884 cases
1028 2803 1050 2884 y
1082 2803 1115 2884 de
1126 2803 1269 2884 Joana
1324 2803 1368 2884 ab
1379 2803 1565 2884 Eularia
1598 2803 1775 2884 donsella
1808 2803 1907 2884 filla
1940 2803 1983 2884 de

399 2899 584 2990 Miquel
596 2899 720 2990 Creus
732 2899 880 2990 sastre
918 2899 1078 2990 defunct
1103 2899 1128 2990 y
1152 2899 1189 2990 de
1202 2899 1376 2990 Angela
1413 2899 1500 2990 tots
1524 2899 1561 2990 de
1574 2899 1673 2990 dita
1685 2899 1907 2990 parrochia

414 2996 475 3082 Dit
512 2996 573 3082 dia
610 2996 732 3082 rebere
757 2996 794 3082 de
820 2996 930 3082 Joan
954 2996 1114 3082 Phelip
1138 2996 1322 3082 parayre
1346 2996 1383 3082 de
1408 2996 1457 3082 la
1493 2996 1666 3082 llacuna
1715 2996 1801 3082 fill
1826 2996 1850 3082 de
1862 2996 1973 3082 Joan

426 3091 595 3183 Phelip
608 3091 790 3183 parayre
829 3091 855 3183 y
883 3091 922 3183 de
935 3091 1196 3183 Eufrahina
1235 3091 1404 3183 defuncta
1469 3091 1508 3183 ab
1534 3091 1771 3183 Catherina
1784 3091 1979 3183 donsella

434 3189 553 3282 filla
579 3189 619 3282 de
645 3189 725 3282 Joa
751 3189 962 3282 Canyelles
976 3189 1096 3282 pages
1123 3189 1162 3282 de
1176 3189 1453 3282 Castellfollit
1466 3189 1612 3282 bisbat
1625 3189 1664 3282 de
1691 3189 1797 3282 Vich
1836 3189 1863 3282 y
1889 3189 1944 3282 de

424 3297 676 3368 Mathiana
