2690 3794
314 303 513 388 Dijous
536 303 560 388 a
607 303 653 388 29
700 303 829 388 rebere
864 303 911 388 de
934 303 1004 388 t
1145 303 1355 388 Sarriera
1390 303 1519 388 sastre
1554 303 1589 388 de
1612 303 1835 388 Capellades
1870 303 1963 388 fill

335 397 364 467 de
383 397 432 467 t
568 397 761 467 Sarriera
799 397 906 467 pages
944 397 963 467 y
1002 397 1041 467 de
1060 397 1098 467 t
1195 397 1369 467 defuncts
1417 397 1465 467 ab
1494 397 1610 467 Clara
1639 397 1754 467 viuda
1803 397 1841 467 de
1860 397 1899 467 t

343 488 577 589 Romanya

361 551 425 628 Dit
446 551 499 628 dia
520 551 636 628 rebere
657 551 689 628 de
710 551 837 628 Onofre
858 551 984 628 Parez
1016 551 1185 628 parayre
1217 551 1248 628 de
1259 551 1449 628 Sabadell
1460 551 1534 628 fill
1555 551 1586 628 de
1597 551 1734 628 Onofre
1745 551 1882 628 Pareh

325 641 479 722 parayre
512 641 666 722 defunct
699 641 721 722 y
743 641 776 722 de
787 641 964 722 Antonia
1019 641 1063 722 ab
1085 641 1272 722 Miquela
1294 641 1470 722 donsella
1492 641 1591 722 filla
1624 641 1657 722 de
1668 641 1767 722 Pere
1789 641 1976 722 Cabanyes

381 736 479 808 pages
509 736 656 808 defunct
676 736 695 808 y
715 736 744 808 de
764 736 921 808 Beneta
960 736 1019 808 tots
1048 736 1087 808 de
1117 736 1293 808 Sabadell

371 813 439 895 Dit
462 813 519 895 dia
542 813 679 895 rebere
702 813 736 895 de
759 813 919 895 Antoni
931 813 1079 895 Amat
1091 813 1274 895 texidor
1285 813 1331 895 de
1342 813 1434 895 seda
1479 813 1525 895 de
1537 813 1685 895 Bara
1708 813 1800 895 fill
1822 813 1857 895 de
1868 813 1982 895 Ber=

339 913 424 1001 nat
437 913 583 1001 Amat
608 913 766 1001 hortola
815 913 986 1001 defunct
1011 913 1035 1001 y
1059 913 1108 1001 de
1133 913 1401 1001 Magdalena
1464 913 1513 1001 ab
1537 913 1794 1001 Magdalena
1818 913 1928 1001 don=

314 1009 414 1099 sella
439 1009 551 1099 filla
576 1009 614 1099 de
639 1009 814 1099 Antoni
839 1009 1076 1099 Vilaforni
1088 1009 1313 1099 causidich
1363 1009 1401 1099 de
1413 1009 1600 1099 Cardona
1638 1009 1788 1099 bisbat
1800 1009 1850 1099 de

289 1114 453 1213 Urgell
494 1114 698 1213 defunct
726 1114 753 1213 y
780 1114 835 1213 de
862 1114 1067 1213 Magina

367 1194 548 1289 Divendres
589 1194 603 1289 a
631 1194 673 1289 30
715 1194 840 1289 rebere
868 1194 910 1289 de
924 1194 1146 1289 francesch
1174 1194 1300 1289 Salom
1327 1194 1566 1289 imaginayre
1594 1194 1622 1289 de
1649 1194 1761 1289 Pala
1858 1194 2039 1289 flugell

402 1293 556 1388 bisbat
570 1293 612 1388 de
640 1293 808 1388 Girona
822 1293 1046 1388 habitant
1074 1293 1116 1388 en
1130 1293 1284 1388 Bara
1298 1293 1396 1388 fill
1438 1293 1480 1388 de
1494 1293 1662 1388 Miqul
1690 1293 1846 1388 Salom

272 1396 420 1487 pages
447 1396 621 1487 defunct
648 1396 675 1487 y
702 1396 742 1487 de
769 1396 970 1487 Eularia
1010 1396 1064 1487 ab
1078 1396 1306 1487 Elisabeth
1319 1396 1520 1487 donsella
1534 1396 1655 1487 filla
1681 1396 1722 1487 de
1735 1396 1856 1487 Pere

283 1499 427 1607 Spelt
442 1499 695 1607 negociant
726 1499 758 1607 de
789 1499 979 1607 Bara
1010 1499 1184 1607 defunct
1215 1499 1231 1607 y
1262 1499 1294 1607 de
1326 1499 1483 1607 Asnes

370 1603 427 1686 Dit
450 1603 507 1686 dia
541 1603 678 1686 rebere
701 1603 735 1686 de
758 1603 860 1686 Joan
883 1603 997 1686 Sala
1031 1603 1134 1686 pages
1156 1603 1191 1686 de
1213 1603 1350 1686 Bara
1362 1603 1476 1686 viudo
1510 1603 1555 1686 ab
1578 1603 1783 1686 francina
1806 1603 1967 1686 dosella

335 1700 445 1788 filla
481 1700 518 1788 de
530 1700 689 1788 Benet
713 1700 945 1788 fabregues
970 1700 1129 1788 hortola
1165 1700 1202 1788 de
1226 1700 1373 1788 Bara
1397 1700 1422 1788 y
1446 1700 1483 1788 de
1507 1700 1703 1788 Angela

365 1801 417 1875 Dit
438 1801 500 1875 dia
521 1801 636 1875 rebere
656 1801 688 1875 de
698 1801 792 1875 Pere
802 1801 906 1875 Gual
927 1801 1095 1875 parayre
1126 1801 1168 1875 del
1178 1801 1283 1875 regne
1293 1801 1335 1875 de
1345 1801 1470 1875 frana
1491 1801 1678 1875 habitant
1699 1801 1730 1875 en
1751 1801 1939 1875 Sabadell
1991 1801 2043 1875 ab

384 1896 601 1982 Catherina
625 1896 819 1982 donsella
867 1896 976 1982 filla
1012 1896 1048 1982 de
1072 1896 1169 1982 Joan
1205 1896 1326 1982 fulla
1362 1896 1506 1982 mestre
1531 1896 1579 1982 de
1591 1896 1711 1982 cases
1748 1896 1796 1982 de

278 1994 436 2089 Mura
463 1994 621 2089 bisbat
647 1994 702 2089 de
715 1994 820 2089 Vich
886 1994 913 2089 y
952 1994 1005 2089 de
1031 1994 1216 2089 Antiga
1269 1994 1466 2089 defuncts

361 2085 437 2176 Dit
463 2085 526 2176 dia
552 2085 679 2176 rebere
704 2085 743 2176 de
768 2085 895 2176 Magi
908 2085 1137 2176 Dalmases
1150 2085 1315 2176 texidor
1328 2085 1392 2176 de
1404 2085 1533 2176 llana
1571 2085 1673 2176 dels
1699 2085 1839 2176 Prats
1851 2085 1940 2176 del

322 2190 431 2287 Rey
458 2190 622 2287 bisbat
635 2190 690 2287 de
704 2190 799 2287 Vich
853 2190 949 2287 fill
976 2190 1017 2287 de
1031 2190 1153 2287 Pere
1167 2190 1398 2287 Dalmases
1426 2190 1575 2287 pages
1603 2190 1766 2287 defunct
1793 2190 1821 2287 y
1848 2190 1902 2287 de

371 2291 557 2386 Eleonor
584 2291 637 2386 ab
663 2291 931 2386 Maryanna
957 2291 1090 2386 viuda
1143 2291 1183 2386 de
1210 2291 1250 2386 t
1303 2291 1515 2386 Arbones
1529 2291 1688 2386 mestre
1715 2291 1768 2386 de
1781 2291 1901 2386 cases
