2690 3794
364 279 532 355 Dimars
562 279 572 355 a
601 279 611 355 8
651 279 769 355 rebere
789 279 828 355 de
848 279 948 355 Pere
977 279 1175 355 Carbonell
1185 279 1352 355 baxador
1382 279 1421 355 de
1441 279 1609 355 Mataro
1639 279 1717 355 fill
1727 279 1757 355 de
1777 279 1944 355 Bartho

374 377 452 453 meu
491 377 707 453 Carbonell
717 377 903 453 mariner
932 377 951 453 y
990 377 1030 453 de
1059 377 1303 453 Margarida
1352 377 1527 453 defuncts
1566 377 1606 453 ab
1625 377 1851 453 Catherina
1890 377 1987 453 don=

411 463 516 554 sella
539 463 656 554 filla
679 463 714 554 de
726 463 877 554 Antoni
900 463 1064 554 Planes
1075 463 1238 554 vedrier
1273 463 1285 554 y
1308 463 1343 554 de
1367 463 1531 554 Antiga
1554 463 1729 554 defuncts
1753 463 1834 554 tots
1857 463 1904 554 de

383 582 455 652 dita
473 582 564 652 vila

381 626 441 704 Dit
464 626 512 704 dia
536 626 643 704 rebere
667 626 691 704 de
703 626 858 704 Matheu
882 626 977 704 fort
989 626 1120 704 mestre
1132 626 1168 704 de
1180 626 1286 704 cases
1310 626 1358 704 del
1369 626 1465 704 regne
1477 626 1524 704 de
1536 626 1668 704 frança
1680 626 1823 704 habitat
1870 626 1906 704 en
1918 626 2061 704 Bara

440 713 481 801 ab
507 713 736 801 Speransa
749 713 951 801 donsella
964 713 1085 801 filla
1125 713 1152 801 de
1179 713 1300 801 Pere
1313 713 1473 801 Moles
1499 713 1620 801 pages
1647 713 1687 801 de
1714 713 1849 801 Bara
1875 713 1916 801 y
1956 713 2010 801 de

401 824 617 907 Costansa

382 873 570 948 Dimeacres
606 873 629 948 a
677 873 688 948 9
736 873 855 948 rebere
890 873 926 948 de
937 873 1032 948 Jua
1055 873 1209 948 Cambo
1232 873 1374 948 pages
1397 873 1433 948 de
1444 873 1658 948 Vilardell
1682 873 1776 948 fill
1800 873 1835 948 de
1847 873 2083 948 Salvador

537 961 675 1048 Camho
688 961 814 1048 pages
842 961 855 1048 y
883 961 911 1048 de
924 961 1117 1048 Cebriana
1145 961 1324 1048 defuncts
1338 961 1379 1048 ab
1393 961 1600 1048 Patronilla
1613 961 1781 1048 donsella
1794 961 1891 1048 filla
1918 961 1946 1048 de
1960 961 2042 1048 Jua

426 1070 544 1165 Jalpi
559 1070 737 1165 pagayre
766 1070 796 1165 de
811 1070 870 1165 St
885 1070 1035 1165 Celoni
1050 1070 1080 1165 y
1094 1070 1139 1165 de
1154 1070 1406 1165 Maryanna

394 1149 468 1236 Dit
492 1149 541 1236 dia
566 1149 677 1236 rebere
714 1149 751 1236 de
775 1149 946 1236 Raphel
958 1149 1106 1236 Bosch
1131 1149 1303 1236 parayre
1316 1149 1512 1236 habitant
1537 1149 1574 1236 en
1599 1149 1722 1236 Bara
1734 1149 1857 1236 viudo
1882 1149 1942 1236 ab

392 1251 600 1337 Celidonia
625 1251 809 1337 donsella
858 1251 894 1337 de
919 1251 1054 1337 Tona
1078 1251 1250 1337 Bisbat
1262 1251 1299 1337 de
1323 1251 1407 1337 Vich
1432 1251 1554 1337 filla
1579 1251 1628 1337 de
1652 1251 1689 1337 t
1738 1251 1775 1337 y
1811 1251 1836 1337 t

400 1348 475 1434 Dit
500 1348 562 1434 dia
600 1348 712 1434 rebere
737 1348 774 1434 de
799 1348 974 1434 Andreu
999 1348 1198 1434 Comelles
1223 1348 1372 1434 manya
1410 1348 1447 1434 de
1472 1348 1684 1434 Terrassa
1697 1348 1796 1434 fill
1821 1348 1859 1434 de
1871 1348 2008 1434 Ber=

405 1446 490 1530 nat
502 1446 684 1530 Comelles
708 1446 878 1530 parayre
902 1446 926 1530 y
950 1446 987 1530 de
999 1446 1130 1530 Joana
1167 1446 1215 1530 ab
1239 1446 1433 1530 Valentina
1445 1446 1603 1530 donsella
1627 1446 1724 1530 filla
1748 1446 1784 1530 de
1796 1446 1966 1530 Miquel

386 1548 570 1632 Torrella
595 1548 718 1632 pages
743 1548 779 1632 de
804 1548 927 1632 Mata
939 1548 976 1632 de
988 1548 1087 1632 pera
1124 1548 1296 1632 defunct
1320 1548 1345 1632 y
1370 1548 1394 1632 de
1419 1548 1591 1632 Beneta

389 1632 514 1720 Dijous
539 1632 551 1720 a
589 1632 626 1720 10
651 1632 751 1720 rebere
776 1632 801 1720 de
826 1632 951 1720 Vicens
964 1632 1151 1720 Bogatell
1164 1632 1275 1720 pages
1300 1632 1325 1720 de
1337 1632 1387 1720 St
1400 1632 1525 1720 Esteva
1537 1632 1575 1720 de
1587 1632 1825 1720 Carrovires
1837 1632 1950 1720 viudo

381 1721 429 1805 ab
441 1721 646 1805 Catherina
670 1721 838 1805 donsella
874 1721 982 1805 filla
1018 1721 1055 1805 de
1079 1721 1223 1805 Benet
1247 1721 1402 1805 Soteres
1426 1721 1546 1805 pages
1570 1721 1618 1805 de
1630 1721 1751 1805 Piera
1787 1721 1811 1805 y
1835 1721 1871 1805 de
1895 1721 2051 1805 Eularia

405 1811 472 1905 Dit
486 1811 540 1905 dia
567 1811 675 1905 rebere
702 1811 729 1905 de
743 1811 946 1905 Hieronym
973 1811 1122 1905 feran
1135 1811 1271 1905 capser
1298 1811 1325 1905 de
1352 1811 1460 1905 Bara
1487 1811 1568 1905 fill
1582 1811 1609 1905 de
1623 1811 1798 1905 Batista
1812 1811 1934 1905 ferra

332 1908 465 2000 capser
505 1908 665 2000 defunct
691 1908 718 2000 y
744 1908 771 2000 de
798 1908 997 2000 Narrisa
1037 1908 1090 2000 ab
1117 1908 1250 2000 Joana
1277 1908 1410 2000 Anna
1423 1908 1623 2000 donsella
1636 1908 1742 2000 filla
1769 1908 1796 2000 de
1822 1908 1969 2000 Vicens

375 2009 492 2090 Cassa
527 2009 702 2090 velluter
737 2009 772 2090 de
783 2009 923 2090 Bara
947 2009 970 2090 y
1005 2009 1052 2090 de
1075 2009 1203 2090 Lucia

411 2091 486 2181 Dit
511 2091 561 2181 dia
586 2091 723 2181 rebere
748 2091 785 2181 de
798 2091 897 2181 Pere
922 2091 1022 2181 Pau
1047 2091 1172 2181 freto
1197 2091 1383 2181 parayre
1408 2091 1446 2181 de
1471 2091 1658 2181 Solsona
1683 2091 1882 2181 habitant
1907 2091 1944 2181 en
1969 2091 2106 2181 Bara

457 2196 554 2284 fill
567 2196 603 2284 de
615 2196 701 2284 Joan
737 2196 847 2284 freto
859 2196 1042 2284 parayre
1066 2196 1078 2284 y
1115 2196 1139 2284 de
1163 2196 1346 2284 Sperasa
1370 2196 1541 2284 defuncts
1590 2196 1626 2284 ab
1650 2196 1882 2284 Catherina
1894 2196 2052 2284 dosella

459 2288 557 2376 filla
582 2288 618 2376 de
631 2288 802 2376 Raphel
826 2288 1034 2376 Castanyer
1047 2288 1206 2376 texidor
1218 2288 1267 2376 de
1279 2288 1340 2376 lli
1365 2288 1401 2376 de
1414 2288 1536 2376 Seva
1573 2288 1695 2376 bisbat
1707 2288 1756 2376 de
1768 2288 1866 2376 Vich
1891 2288 1915 2376 y
1940 2288 1976 2376 de

390 2386 614 2502 Raphela

416 2459 634 2552 Divendres
672 2459 698 2552 a
723 2459 762 2552 11
787 2459 916 2552 rebere
941 2459 980 2552 de
1005 2459 1095 2552 Pau
1133 2459 1300 2552 Llopart
1313 2459 1479 2552 parxer
1505 2459 1543 2552 de
1556 2459 1697 2552 Bara
1722 2459 1812 2552 fill
1838 2459 1863 2552 de
1876 2459 1991 2552 Vicet

417 2557 587 2645 Llopart
600 2557 807 2645 mercader
843 2557 868 2645 y
892 2557 929 2645 de
953 2557 1207 2645 Hieronyma
1244 2557 1427 2645 defuncts
1463 2557 1500 2645 ab
1524 2557 1658 2645 Anna
1695 2557 1853 2645 Maria
1877 2557 2036 2645 dosella

440 2650 554 2752 filla
582 2650 610 2752 de
639 2650 724 2752 Joa
738 2650 908 2752 Caselles
923 2650 1121 2752 causidich
1150 2650 1178 2752 de
1206 2650 1334 2752 Bara
1363 2650 1519 2752 defunct
1547 2650 1561 2752 y
1590 2650 1632 2752 de
1646 2650 1802 2752 Anna

423 2741 490 2824 Dit
513 2741 557 2824 dia
580 2741 692 2824 rebere
714 2741 748 2824 de
759 2741 894 2824 jaume
916 2741 1107 2824 Raventos
1129 2741 1264 2824 sabater
1286 2741 1308 2824 de
1320 2741 1444 2824 Bara
1456 2741 1534 2824 fill
1556 2741 1590 2824 de
1601 2741 1781 2824 Thomas
1792 2741 1994 2824 Raventos

388 2832 552 2925 sabater
577 2832 602 2925 y
627 2832 665 2925 de
678 2832 867 2925 Antonia
892 2832 1068 2925 defuncts
1106 2832 1144 2925 ab
1169 2832 1396 2925 Marquesa
1421 2832 1610 2925 donsella
1622 2832 1723 2925 filla
1748 2832 1786 2925 de
1811 2832 1836 2925 t
1861 2832 2014 2925 Pedret

418 2927 583 3029 tintorer
610 2927 651 3029 de
679 2927 926 3029 Tarrasona
980 2927 1145 3029 defunct
1172 2927 1186 3029 y
1227 2927 1268 3029 de
1296 2927 1529 3029 Patronilla

427 3028 495 3112 Dit
518 3028 576 3112 dia
610 3028 725 3112 rebere
747 3028 793 3112 de
805 3028 942 3112 jaume
965 3028 1068 3112 Gros
1080 3028 1230 3112 ferrer
1265 3028 1299 3112 de
1322 3028 1460 3112 Caldes
1482 3028 1609 3112 bisbat
1632 3028 1677 3112 de
1689 3028 1769 3112 Vich
1803 3028 1884 3112 fill
1907 3028 1941 3112 de
1964 3028 2067 3112 Ni=

458 3115 571 3208 colau
596 3115 697 3208 Gros
722 3115 835 3208 pages
861 3115 886 3208 y
924 3115 961 3208 de
974 3115 1177 3208 Catherina
1215 3115 1391 3208 defuncts
1441 3115 1479 3208 ab
1492 3115 1630 3208 Anna
1643 3115 1832 3208 donsella
1857 3115 1970 3208 filla

451 3210 489 3303 de
502 3210 641 3303 jaume
654 3210 793 3303 Serra
819 3210 996 3303 carncer
1023 3210 1061 3303 de
1074 3210 1213 3303 Bara
1226 3210 1251 3303 y
1276 3210 1327 3303 de
1340 3210 1542 3303 Elisabeth
1580 3210 1758 3303 defuncts
