2690 3794
405 345 577 433 Dissapte
612 345 623 433 a
669 345 681 433 8
738 345 878 433 rebere
912 345 947 433 de
970 345 1119 433 jaume
1153 345 1257 433 Cata
1291 345 1314 433 y
1349 345 1556 433 famades
1579 345 1716 433 pages
1739 345 1774 433 de
1797 345 1946 433 Horri
1971 345 2109 433 habi=

489 437 581 526 tant
604 437 650 526 en
673 437 822 526 Bara
834 437 960 526 viudo
983 437 1040 526 ab
1063 437 1247 526 Elisabet
1259 437 1444 526 donsella
1479 437 1582 526 filla
1617 437 1663 526 de
1686 437 1743 526 t
1789 437 2019 526 Monserda

438 524 546 599 pages
575 524 614 599 de
633 524 771 599 Tiana
810 524 830 599 y
859 524 898 599 de
908 524 956 599 t
1034 524 1190 599 defuncts

425 600 484 679 Dit
514 600 563 679 dia
612 600 739 679 rebere
769 600 798 679 de
818 600 994 679 Matheu
1033 600 1131 679 Vila
1161 600 1357 679 scudaller
1386 600 1426 679 de
1445 600 1573 679 Bara
1592 600 1779 679 habitant
1798 600 1828 679 en
1857 600 1975 679 Reus

409 689 474 777 del
495 689 776 777 Archebisbat
787 689 841 777 de
874 689 1122 777 Tarragona
1155 689 1241 777 fill
1263 689 1306 777 de
1328 689 1501 777 Matheu
1533 689 1630 777 Vila
1652 689 1771 777 pages
1792 689 1814 777 y
1847 689 1890 777 de
1911 689 2019 777 Eli=

437 781 557 878 sabet
593 781 785 878 defuncts
833 781 881 878 ab
893 781 1109 878 Elisabeth
1145 781 1326 878 donsella
1362 781 1470 878 filla
1506 781 1542 878 de
1554 781 1662 878 Pere
1686 781 1854 878 Guasch
1878 781 2010 878 pages

459 873 502 960 de
524 873 652 960 Reus
695 873 845 960 defunct
877 873 899 960 y
931 873 974 960 de
1006 873 1135 960 Tecla

425 961 626 1047 Diumenge
679 961 689 1047 a
742 961 753 1047 9
795 961 922 1047 rebere
954 961 986 1047 de
1007 961 1145 1047 jaume
1166 961 1399 1047 Salvanya
1430 961 1621 1047 fogoner
1642 961 1685 1047 de
1706 961 1833 1047 Bara
1854 961 1981 1047 viudo
2013 961 2055 1047 ab

461 1047 707 1134 Maryanna
729 1047 911 1134 donsella
944 1047 1062 1134 filla
1094 1047 1137 1134 de
1159 1047 1342 1134 Miquel
1363 1047 1579 1134 Salanova
1611 1047 1794 1134 corredor
1805 1047 1848 1134 de
1869 1047 1945 1134 coll
1966 1047 2095 1134 defuct

450 1145 468 1218 y
504 1145 540 1218 de
567 1145 739 1218 Eularia

420 1212 497 1296 Dit
519 1212 584 1296 dia
617 1212 748 1296 rebere
780 1212 824 1296 de
846 1212 1031 1296 Bernat
1064 1212 1282 1296 Beliarda
1326 1212 1446 1296 pages
1479 1212 1511 1296 de
1533 1212 1599 1296 St
1609 1212 1729 1296 feliu
1751 1212 1806 1296 de
1828 1212 1991 1296 Codines

399 1312 535 1399 viudo
591 1312 636 1399 ab
658 1312 848 1399 Angela
882 1312 1016 1399 viuda
1072 1312 1116 1399 de
1128 1312 1307 1399 Valenti
1318 1312 1474 1399 Rocha
1497 1312 1687 1399 parayre
1720 1312 1754 1399 de
1765 1312 1854 1399 dita
1866 1312 2089 1399 parrochia

428 1407 478 1484 Dit
498 1407 548 1484 dia
578 1407 687 1484 rebere
717 1407 747 1484 de
767 1407 867 1484 Pere
897 1407 1027 1484 Cosens
1047 1407 1168 1484 pages
1198 1407 1238 1484 de
1258 1407 1348 1484 Riu
1358 1407 1398 1484 de
1408 1407 1517 1484 billes
1547 1407 1627 1484 fill
1647 1407 1677 1484 de
1697 1407 1797 1484 Joan
1827 1407 1967 1484 Cosens
1977 1407 2057 1484 pa=

414 1498 490 1582 ges
522 1498 533 1582 y
565 1498 597 1582 de
619 1498 889 1582 Montserrada
943 1498 986 1582 ab
1008 1498 1244 1582 Margarida
1277 1498 1438 1582 donsella
1481 1498 1578 1582 filla
1610 1498 1643 1582 de
1664 1498 1815 1582 Antoni
1836 1498 1987 1582 ferrer

441 1597 559 1681 pages
591 1597 613 1681 y
646 1597 689 1681 de
721 1597 764 1681 t
839 1597 914 1681 tots
946 1597 989 1681 de
999 1597 1085 1681 dita
1117 1597 1320 1681 parrochia

417 1676 565 1760 Dilluns
599 1676 611 1760 a
645 1676 679 1760 10
725 1676 841 1760 rebere
875 1676 898 1760 de
921 1676 1012 1760 Joan
1035 1676 1172 1760 Perez
1195 1676 1332 1760 sastre
1367 1676 1401 1760 de
1412 1676 1677 1760 Vallformosa
1699 1676 1825 1760 viudo
1848 1676 1894 1760 ab
1905 1676 2042 1760 Joana

441 1767 593 1861 dosella
619 1767 733 1861 filla
747 1767 785 1861 de
810 1767 963 1861 Arnau
988 1767 1204 1861 Capellades
1229 1767 1344 1861 pages
1382 1767 1407 1861 de
1432 1767 1509 1861 dita
1521 1767 1726 1861 parrochia
1764 1767 1789 1861 y
1815 1767 1840 1861 de
1865 1767 2030 1861 fracesca

420 1862 481 1929 Dit
489 1862 542 1929 dia
577 1862 690 1929 rebere
707 1862 743 1929 de
761 1862 892 1929 Guillem
944 1862 1145 1929 Laxaume
1171 1862 1276 1929 pages
1302 1862 1345 1929 del
1363 1862 1460 1929 regne
1477 1862 1521 1929 de
1538 1862 1669 1929 frana
1695 1862 1870 1929 habitant
1896 1862 1931 1929 en

390 1943 543 2016 Sarria
590 1943 628 2016 ab
647 1943 799 2016 Eularia
828 1943 990 2016 donsella
1009 1943 1104 2016 filla
1123 1943 1162 2016 de
1181 1943 1266 2016 Joan
1295 1943 1437 2016 Rocha
1456 1943 1570 2016 pages
1589 1943 1627 2016 de
1637 1943 1789 2016 Sarria
1827 1943 1847 2016 y
1876 1943 1923 2016 de

401 2032 565 2107 Maria

419 2100 571 2190 Dimars
609 2100 622 2190 a
660 2100 698 2190 11
724 2100 864 2190 rebere
889 2100 914 2190 de
940 2100 1105 2190 Galcera
1131 2100 1398 2190 Claramunt
1423 2100 1601 2190 parayre
1639 2100 1677 2190 de
1690 2100 1970 2190 Sparaguera

420 2197 515 2281 fill
539 2197 574 2281 de
598 2197 775 2281 Antoni
798 2197 1070 2281 Claramunt
1094 2197 1213 2281 pages
1249 2197 1261 2281 y
1296 2197 1343 2281 de
1367 2197 1520 2281 Eleonor
1556 2197 1733 2281 defuncts
1768 2197 1816 2281 ab
1839 2197 2040 2281 Madrona

389 2295 582 2386 donsella
607 2295 710 2386 filla
736 2295 775 2386 de
800 2295 993 2386 Nicolau
1032 2295 1160 2386 Vidal
1173 2295 1366 2386 parayre
1392 2295 1430 2386 de
1456 2295 1726 2386 Sparaguera
1765 2295 1791 2386 y
1816 2295 1855 2386 de
1881 2295 1919 2386 t

416 2386 482 2468 Dit
514 2386 569 2468 dia
602 2386 734 2468 rebere
767 2386 800 2468 de
822 2386 964 2468 Garau
997 2386 1151 2468 Nadal
1173 2386 1326 2468 manya
1359 2386 1403 2468 de
1414 2386 1480 2468 St
1502 2386 1656 2468 Vicens
1678 2386 1776 2468 dels
1798 2386 1908 2468 horts
1919 2386 2040 2468 viudo

428 2484 466 2578 ab
491 2484 743 2578 Magdalena
768 2484 957 2578 donsella
970 2484 1071 2578 filla
1109 2484 1146 2578 de
1172 2484 1260 2578 t
1373 2484 1512 2578 Marti
1525 2484 1638 2578 pages
1676 2484 1701 2578 y
1726 2484 1764 2578 de
1777 2484 1815 2578 t
1865 2484 2016 2578 defucts

405 2585 592 2667 Dimecres
625 2585 647 2667 a
680 2585 725 2667 12
769 2585 913 2667 rebere
936 2585 969 2667 de
991 2585 1090 2667 Joan
1134 2585 1244 2667 Gras
1277 2585 1399 2667 pages
1432 2585 1476 2667 de
1487 2585 1654 2667 Pierola
1687 2585 1896 2667 habitant
1918 2585 1962 2667 en
1985 2585 2095 2667 Tor=

459 2677 582 2760 relles
616 2677 705 2760 fill
727 2677 761 2760 de
783 2677 885 2760 Pere
919 2677 1020 2760 Gras
1053 2677 1165 2760 pages
1198 2677 1221 2760 y
1254 2677 1288 2760 de
1310 2677 1534 2760 Catherina
1567 2677 1747 2760 defuncts
1792 2677 1826 2760 ab
1848 2677 2072 2760 Catherina

465 2763 648 2860 donsella
661 2763 765 2860 filla
791 2763 830 2860 de
843 2763 1093 2860 Barthomeu
1119 2763 1341 2860 Bruguera
1367 2763 1498 2860 pages
1524 2763 1563 2860 de
1589 2763 1785 2860 Torrelles
1811 2763 1956 2860 defunct
1982 2763 2021 2860 y

445 2842 469 2931 de
492 2842 659 2931 Benera

405 2923 543 3019 Dijous
570 2923 584 3019 a
625 2923 667 3019 13
694 2923 819 3019 rebere
846 2923 874 3019 de
888 2923 1065 3019 Miquel
1093 2923 1314 3019 Hieronym
1341 2923 1479 3019 Oliver
1507 2923 1728 3019 negociant
1755 2923 1797 3019 de
1810 2923 1962 3019 Bara

416 3014 542 3111 viudo
570 3014 612 3111 ab
640 3014 862 3111 Patronilla
876 3014 1071 3111 donsella
1085 3014 1197 3111 filla
1225 3014 1253 3111 de
1281 3014 1449 3111 Gabriel
1463 3014 1672 3111 Meslans
1686 3014 1896 3111 apotecari
1924 3014 1952 3111 y

397 3101 438 3200 de
466 3101 623 3200 Bara
666 3101 694 3200 y
723 3101 766 3200 de
794 3101 1037 3200 Petronilla

431 3192 483 3274 Dit
508 3192 559 3274 dia
585 3192 713 3274 rebere
738 3192 777 3274 de
790 3192 969 3274 Sebastia
981 3192 1109 3274 Serra
1122 3192 1237 3274 pages
1263 3192 1301 3274 de
1314 3192 1365 3274 la
1391 3192 1519 3274 Getru
1544 3192 1621 3274 fill
1646 3192 1672 3274 de
1685 3192 1787 3274 franc
1813 3192 1941 3274 Terra

352 3282 467 3375 pages
496 3282 525 3375 y
554 3282 597 3375 de
626 3282 843 3375 Elisabeth
886 3282 1074 3375 defuncta
1146 3282 1189 3375 ab
1218 3282 1463 3375 Catherina
1478 3282 1680 3375 donsella
1694 3282 1824 3375 filla
1853 3282 1896 3375 de
1911 3282 1983 3375 Ga

403 3373 514 3462 briel
528 3373 791 3462 Casanoves
805 3373 930 3462 pages
957 3373 999 3462 de
1013 3373 1235 3462 Vilanova
1262 3373 1429 3462 defunct
1456 3373 1470 3462 y
1512 3373 1553 3462 de
1595 3373 1831 3462 Catherina
