2690 3794
416 320 575 399 Dimars
612 320 621 399 a
659 320 696 399 18
743 320 864 399 rebere
892 320 929 399 de
948 320 1041 399 Joan
1078 320 1265 399 Taulada
1302 320 1433 399 ferrer
1461 320 1517 399 del
1535 320 1647 399 regne
1656 320 1703 399 de
1722 320 1852 399 frança
1880 320 2040 399 habitat

436 405 475 488 en
504 405 630 488 Bara
649 405 688 488 ab
717 405 930 488 Hieronyma
959 405 1065 488 viuda
1114 405 1153 488 de
1172 405 1259 488 Joan
1288 405 1472 488 Lleonart
1492 405 1627 488 ferrer
1656 405 1685 488 de
1705 405 1831 488 Bara

412 494 473 575 Dit
494 494 544 575 dia
565 494 677 575 rebere
707 494 738 575 de
748 494 942 575 francesch
972 494 1096 575 fabrer
1116 494 1289 575 mariner
1320 494 1350 575 de
1370 494 1503 575 Sitges
1523 494 1605 575 fill
1625 494 1645 575 de
1666 494 1859 575 francesch
1880 494 2012 575 fabrer

415 575 585 660 mariner
606 575 757 660 defunct
778 575 799 660 y
821 575 863 660 de
884 575 1055 660 Tomasa
1087 575 1129 660 ab
1151 575 1385 660 Hieronyma
1406 575 1566 660 donsella
1587 575 1683 660 filla
1715 575 1747 660 de
1768 575 1971 660 francesch

375 662 539 734 Robert
566 662 675 734 pages
711 662 729 734 y
756 662 783 734 de
811 662 1028 734 Catherina

420 739 589 818 Dimecres
621 739 631 818 a
663 739 695 818 19
737 739 854 818 rebere
885 739 917 818 de
928 739 1183 818 Montserrat
1193 739 1341 818 Rocha
1362 739 1532 818 traginer
1553 739 1595 818 de
1616 739 1733 818 Tona
1754 739 1891 818 bisbat
1902 739 1944 818 de
1955 739 2039 818 Vich

440 831 626 912 habitant
659 831 692 912 en
725 831 781 912 St
792 831 945 912 Menat
967 831 1044 912 fill
1066 831 1099 912 de
1121 831 1208 912 Joan
1241 831 1395 912 Rocha
1417 831 1548 912 sastre
1570 831 1581 912 y
1614 831 1636 912 de
1658 831 1812 912 Violant
1844 831 2009 912 defuncts

396 928 431 1012 ab
454 928 669 1012 Hyacinta
703 928 884 1012 donsella
918 928 1020 1012 filla
1054 928 1088 1012 de
1111 928 1326 1012 Salvador
1349 928 1507 1012 Carner
1530 928 1655 1012 pages
1677 928 1711 1012 de
1723 928 1779 1012 St
1790 928 1905 1012 feliu
1916 928 1996 1012 del

432 1014 547 1109 Reco
573 1014 585 1109 y
624 1014 662 1109 de
675 1014 956 1109 Maryangela

423 1108 434 1191 #
620 1108 675 1191 dit
697 1108 752 1191 dia
784 1108 906 1191 rebere
928 1108 961 1191 de
983 1108 1070 1191 Joan
1092 1108 1289 1191 florenca
1311 1108 1410 1191 jove
1431 1108 1585 1191 sabater
1617 1108 1650 1191 de
1672 1108 1827 1191 Calafs
1849 1108 2013 1191 habitat

400 1203 434 1289 en
457 1203 592 1289 Bara
603 1203 694 1289 fill
728 1203 750 1289 de
773 1203 920 1289 jaume
942 1203 1147 1289 Slorenca
1181 1203 1305 1289 sastre
1328 1203 1486 1289 defunct
1519 1203 1542 1289 y
1576 1203 1610 1289 de
1632 1203 1768 1289 Joana
1836 1203 1881 1289 ab
1903 1203 2084 1289 Eularia

434 1291 620 1386 donsella
633 1291 744 1386 filla
769 1291 806 1386 de
819 1291 918 1386 Pere
943 1291 1116 1386 Ortigues
1141 1291 1278 1386 sastre
1302 1291 1340 1386 de
1352 1291 1490 1386 Bara
1502 1291 1651 1386 defunct
1676 1291 1701 1386 y
1726 1291 1763 1386 de
1788 1291 1961 1386 Angela

414 1387 630 1467 Divendres
662 1387 684 1467 a
716 1387 770 1467 21
803 1387 923 1467 rebere
955 1387 977 1467 de
998 1387 1106 1467 Pere
1117 1387 1300 1467 Guardia
1311 1387 1473 1467 texidor
1484 1387 1527 1467 de
1548 1387 1656 1467 llana
1711 1387 1744 1467 de
1765 1387 1906 1467 Aulot
1916 1387 2046 1467 bisbat

429 1478 487 1565 de
499 1478 639 1565 Girona
663 1478 838 1565 habitant
862 1478 897 1565 en
920 1478 1062 1565 Bara
1073 1478 1155 1565 fill
1179 1478 1214 1565 de
1225 1478 1389 1565 Antoni
1401 1478 1553 1565 Guardia
1576 1478 1740 1565 calsater
1752 1478 1798 1565 de
1810 1478 1952 1565 agilla

379 1565 403 1653 y
427 1565 462 1653 de
485 1565 615 1653 Joana
674 1565 721 1653 ab
733 1565 874 1653 Anna
897 1565 1062 1653 donsella
1098 1565 1205 1653 filla
1229 1565 1276 1653 de
1287 1565 1405 1653 Pere
1417 1565 1605 1653 Scarrer
1617 1565 1817 1653 negociant
1852 1565 1888 1653 de
1900 1565 2064 1653 Bara

416 1660 588 1758 defunct
614 1660 640 1758 y
666 1660 706 1758 de
732 1660 942 1758 Elisabeth

420 1750 593 1833 Dissapte
616 1750 639 1833 a
686 1750 732 1833 22
778 1750 905 1833 rebere
928 1750 963 1833 de
986 1750 1090 1833 Pere
1113 1750 1287 1833 jaumira
1321 1750 1425 1833 pages
1460 1750 1495 1833 de
1506 1750 1552 1833 la
1575 1750 1760 1833 Amella
1795 1750 1887 1833 fill
1911 1750 1957 1833 de

386 1842 537 1932 jaume
562 1842 750 1932 jaumira
775 1842 900 1932 pages
938 1842 1101 1932 defunct
1126 1842 1138 1932 y
1176 1842 1201 1932 de
1226 1842 1427 1932 Elisabeth
1464 1842 1502 1932 ab
1527 1842 1665 1932 Paula
1690 1842 1865 1932 donsella
1891 1842 2003 1932 filla

406 1936 440 2019 de
452 1936 612 2019 Antoni
635 1936 784 2019 Homs
807 1936 933 2019 pages
968 1936 1002 2019 de
1014 1936 1186 2019 Llerona
1220 1936 1243 2019 y
1266 1936 1300 2019 de
1323 1936 1472 2019 Antiga
1506 1936 1678 2019 defuncts

427 2026 492 2119 Dit
519 2026 571 2119 dia
597 2026 729 2119 rebere
755 2026 795 2119 de
808 2026 915 2119 Joan
954 2026 1086 2119 Ribo
1112 2026 1322 2119 negociant
1349 2026 1388 2119 de
1414 2026 1598 2119 Conques
1612 2026 1756 2119 bisbat
1769 2026 1822 2119 de
1837 2026 1981 2119 Urgell
1995 2026 2074 2119 ha=

467 2119 590 2205 bitant
615 2119 652 2205 en
676 2119 812 2205 Bara
824 2119 910 2205 fill
935 2119 960 2205 de
984 2119 1146 2205 Antoni
1159 2119 1282 2205 Ribo
1294 2119 1417 2205 pages
1442 2119 1467 2205 y
1491 2119 1528 2205 de
1553 2119 1775 2205 Catherina
1837 2119 1886 2205 ab
1898 2119 2009 2205 Mag

422 2221 572 2309 dalena
597 2221 722 2309 viuda
760 2221 798 2309 de
823 2221 848 2309 t
935 2221 1060 2309 Llovi
1073 2221 1286 2309 negociant
1312 2221 1500 2309 habitant
1525 2221 1550 2309 en
1575 2221 1738 2309 Bara

415 2318 482 2399 Dit
504 2318 548 2399 dia
582 2318 704 2399 rebere
738 2318 771 2399 de
793 2318 882 2399 Pau
904 2318 1094 2399 Ameller
1116 2318 1294 2399 parayre
1316 2318 1361 2399 de
1372 2318 1516 2399 Caldes
1538 2318 1594 2399 de
1616 2318 1794 2399 Monbuy
1805 2318 1917 2399 viudo
1950 2318 1995 2399 ab

409 2415 661 2506 Margarida
699 2415 875 2506 donsella
900 2415 1013 2506 filla
1038 2415 1076 2506 de
1101 2415 1302 2506 Bernat
1327 2415 1490 2506 Trull
1503 2415 1678 2506 parayre
1716 2415 1766 2506 de
1779 2415 1929 2506 Caldes
1967 2415 2005 2506 y

428 2511 474 2596 de
497 2511 672 2596 Eleonor
695 2511 881 2596 defuncta

422 2574 486 2663 Dit
512 2574 576 2663 dia
602 2574 730 2663 rebere
756 2574 794 2663 de
807 2574 1078 2663 Barthomeu
1117 2574 1309 2663 Castells
1322 2574 1502 2663 parayre
1528 2574 1566 2663 de
1579 2574 1630 2663 la
1656 2574 1797 2663 Pobla
1825 2574 1876 2663 de
1889 2574 2120 2663 Claramus

498 2677 594 2772 fill
621 2677 648 2772 de
662 2677 771 2772 Pere
785 2677 948 2772 Castels
962 2677 1085 2772 pages
1114 2677 1127 2772 y
1155 2677 1182 2772 de
1195 2677 1441 2772 Hieronyma
1482 2677 1523 2772 ab
1536 2677 1768 2772 Hieronyma
1782 2677 1959 2772 donsella

400 2768 500 2853 filla
525 2768 562 2853 de
574 2768 722 2853 jaume
734 2768 821 2853 Deu
858 2768 1055 2853 baxador
1079 2768 1116 2853 de
1141 2768 1289 2853 Bara
1301 2768 1463 2853 defunct
1488 2768 1512 2853 y
1537 2768 1562 2853 de
1586 2768 1833 2853 Hieronyma

414 2868 612 2952 Diumenge
635 2868 658 2952 a
693 2868 741 2952 23
776 2868 893 2952 rebere
927 2868 962 2952 de
986 2868 1125 2952 Vicens
1149 2868 1312 2952 Castells
1323 2868 1499 2952 parayre
1534 2868 1569 2952 de
1592 2868 1720 2952 Bara
1732 2868 1825 2952 fill
1848 2868 1883 2952 de
1895 2868 2023 2952 Auge

389 2956 568 3047 Castells
593 2956 770 3047 parayre
808 2956 833 3047 y
871 2956 909 3047 de
922 2956 1061 3047 Anna
1099 2956 1150 3047 ab
1176 2956 1442 3047 Margarida
1467 2956 1619 3047 dosella
1644 2956 1745 3047 filla
1771 2956 1809 3047 de
1821 2956 1937 3047 Pere
1962 2956 2025 3047 Go

405 3048 556 3139 lorons
569 3048 758 3139 parayre
784 3048 822 3139 de
834 3048 986 3139 Bara
1000 3048 1025 3139 y
1051 3048 1088 3139 de
1114 3048 1341 3139 Esperanca

410 3147 471 3225 Dit
492 3147 543 3225 dia
574 3147 698 3225 rebere
729 3147 770 3225 de
791 3147 914 3225 Denis
945 3147 1141 3225 Audivert
1172 3147 1285 3225 pages
1316 3147 1378 3225 del
1399 3147 1513 3225 regne
1544 3147 1585 3225 de
1616 3147 1761 3225 frança
1792 3147 1987 3225 habitant
2008 3147 2039 3225 en

474 3229 625 3324 Bara
637 3229 763 3324 viudo
788 3229 838 3324 ab
864 3229 1052 3324 Susanna
1077 3229 1253 3324 donsella
1291 3229 1379 3324 fill
1417 3229 1467 3324 del
1479 3229 1605 3324 regne
1630 3229 1680 3324 de
1706 3229 1856 3324 frança
1882 3229 2045 3324 habitat

450 3324 487 3417 en
499 3324 635 3417 Bara
661 3324 773 3417 filla
798 3324 835 3417 de
859 3324 995 3417 Guille
1008 3324 1193 3417 Anglada
1218 3324 1342 3417 pages
1367 3324 1527 3417 defunct
1552 3324 1577 3417 y
1602 3324 1639 3417 de
1676 3324 1898 3417 Catherina
