2690 3794
370 297 541 384 Dimars
584 297 605 384 a
658 297 701 384 20
745 297 873 384 rebere
905 297 947 384 de
969 297 1118 384 Phelip
1139 297 1288 384 Alayx
1320 297 1470 384 notari
1492 297 1524 384 de
1546 297 1780 384 Vilafranca
1812 297 1908 384 fill
1929 297 1972 384 de

392 392 546 476 Phelip
577 392 732 476 Alaix
762 392 896 476 fuster
926 392 947 476 y
978 392 1008 476 de
1029 392 1070 476 t
1121 392 1162 476 ab
1182 392 1316 476 Anna
1348 392 1522 476 donsella
1542 392 1645 476 filla
1676 392 1706 476 de
1727 392 1860 476 jaume
1881 392 1963 476 Sta

423 489 507 557 lella
540 489 665 557 notari
698 489 731 557 de
748 489 789 557 la
839 489 1022 557 Llacuna
1065 489 1090 557 y
1114 489 1156 557 de
1181 489 1339 557 Tecla

371 573 546 652 Dimecres
587 573 597 652 a
639 573 680 652 21
710 573 834 652 rebere
854 573 896 652 de
906 573 1111 652 francesch
1153 573 1297 652 Balle
1317 573 1482 652 texidor
1492 573 1543 652 de
1564 573 1687 652 llana
1728 573 1759 652 de
1769 573 1985 652 Terrassa

431 660 619 741 habitant
640 660 672 741 en
693 660 829 741 Bara
850 660 933 741 fill
954 660 986 741 de
996 660 1080 741 Pau
1122 660 1258 741 Balle
1269 660 1426 741 texidor
1446 660 1488 741 de
1499 660 1614 741 llana
1656 660 1813 741 defunct
1834 660 1855 741 y
1876 660 1928 741 de

401 758 561 847 Elienor
607 758 653 847 ab
676 758 881 847 francisca
893 758 1064 847 donsella
1098 758 1201 847 filla
1224 758 1258 847 de
1281 758 1464 847 Sebastia
1487 758 1613 847 Xato
1624 758 1795 847 carnicer
1830 758 1853 847 de
1875 758 2013 847 Bara

402 865 427 962 y
452 865 490 962 de
515 865 766 962 Margarida
803 865 979 962 defuncts

369 947 490 1029 Dijous
512 947 534 1029 a
567 947 623 1029 22
667 947 789 1029 rebere
812 947 845 1029 de
856 947 944 1029 Joan
966 947 1032 1029 Del
1054 947 1165 1029 Tell
1176 947 1341 1029 flaquer
1363 947 1418 1029 del
1429 947 1551 1029 regne
1562 947 1606 1029 de
1628 947 1762 1029 frança
1784 947 1916 1029 habi=
1938 947 2016 1029 tant

396 1036 435 1132 en
460 1036 588 1132 Bara
614 1036 665 1132 ab
678 1036 946 1132 Margarida
986 1036 1191 1132 donsella
1203 1036 1306 1132 filla
1344 1036 1382 1132 de
1408 1036 1459 1132 t
1510 1036 1664 1132 ferrer
1676 1036 1830 1132 mestre
1894 1036 1945 1132 de

334 1134 433 1226 axa
482 1134 519 1226 de
543 1134 678 1226 Canet
702 1134 849 1226 bisbat
874 1134 935 1226 de
972 1134 1143 1226 Gerona
1192 1134 1216 1226 y
1241 1134 1278 1226 de
1302 1134 1475 1226 Paula
1536 1134 1744 1226 defuncts

375 1230 584 1319 Divendres
607 1230 630 1319 a
665 1230 722 1319 23
757 1230 884 1319 rebere
919 1230 954 1319 de
977 1230 1150 1319 Miquel
1185 1230 1324 1319 Mora
1347 1230 1497 1319 ciuteda
1532 1230 1683 1319 honyat
1717 1230 1763 1319 de
1787 1230 1960 1319 Bara

373 1320 491 1411 viudo
515 1320 562 1411 ab
598 1320 681 1411 dona
716 1320 882 1411 Maria
917 1320 1120 1411 donsella
1155 1320 1262 1411 filla
1297 1320 1357 1411 del
1380 1320 1451 1411 Sr
1475 1320 1534 1411 don
1570 1320 1854 1411 Plegamans
1889 1320 1936 1411 de

398 1429 619 1510 Marimon
661 1429 829 1510 defunct
861 1429 882 1510 y
903 1429 945 1510 de
966 1429 1008 1510 la
1050 1429 1134 1510 Sra
1155 1429 1250 1510 dona
1282 1429 1503 1510 Catherina

378 1520 434 1604 Dit
467 1520 522 1604 dia
544 1520 666 1604 rebere
699 1520 732 1604 de
754 1520 908 1604 Antich
931 1520 1074 1604 Sastre
1085 1520 1196 1604 pages
1230 1520 1263 1604 de
1285 1520 1351 1604 St
1363 1520 1484 1604 feliu
1506 1520 1561 1604 de
1572 1520 1716 1604 Codines
1738 1520 1826 1604 fill
1848 1520 1893 1604 de

329 1615 498 1707 Antoni
523 1615 680 1707 Sastre
704 1615 813 1707 pages
861 1615 885 1707 y
909 1615 945 1707 de
970 1615 1199 1707 Elisabeth
1235 1615 1429 1707 defuncts
1467 1615 1503 1707 ab
1527 1615 1757 1707 Catherina
1781 1615 1962 1707 donsella

366 1714 470 1793 filla
501 1714 542 1793 de
573 1714 728 1793 Andreu
759 1714 945 1793 Corderes
966 1714 1121 1793 texidor
1142 1714 1194 1793 de
1214 1714 1328 1793 llana
1369 1714 1536 1793 defunct
1557 1714 1578 1793 y
1609 1714 1650 1793 de
1660 1714 1795 1793 Joana
1836 1714 1919 1793 tots

382 1807 408 1906 de
434 1807 525 1906 dita
550 1807 758 1906 parrochia

366 1882 429 1966 Dit
454 1882 504 1966 dia
529 1882 642 1966 rebere
667 1882 692 1966 de
717 1882 882 1966 Miquel
895 1882 1007 1966 Costa
1020 1882 1133 1966 pages
1158 1882 1196 1966 de
1208 1882 1384 1966 Terrassa
1396 1882 1472 1966 fill
1497 1882 1522 1966 de
1547 1882 1647 1966 Joan
1660 1882 1774 1966 Costa
1799 1882 1912 1966 pages
1988 1882 2013 1966 y

353 1967 391 2052 de
404 1967 633 2052 Catherina
659 1967 850 2052 defuncta
903 1967 941 2052 ab
966 1967 1120 2052 Paula
1145 1967 1324 2052 donsella
1362 1967 1464 2052 filla
1502 1967 1541 2052 de
1553 1967 1643 2052 Pau
1668 1967 1848 2052 Buada

302 2073 434 2161 pages
460 2073 487 2161 y
513 2073 552 2161 de
566 2073 750 2161 Beneta
803 2073 1000 2161 defuncts
1026 2073 1105 2161 tots
1146 2073 1186 2161 de
1199 2073 1291 2161 dita
1318 2073 1554 2161 parrochia

358 2165 553 2252 Dissapte
590 2165 602 2252 a
651 2165 712 2252 24
761 2165 895 2252 rebere
921 2165 958 2252 de
970 2165 1129 2252 Antich
1166 2165 1337 2252 Bisbal
1361 2165 1532 2252 cilurgia
1556 2165 1593 2252 de
1618 2165 1850 2252 Manresa
1874 2165 2009 2252 habi=

423 2255 524 2343 tant
549 2255 587 2343 en
612 2255 761 2343 Bara
774 2255 886 2343 viudo
923 2255 961 2343 ab
986 2255 1198 2343 Elisabeth
1223 2255 1348 2343 viuda
1385 2255 1422 2343 de
1435 2255 1585 2343 Onofre
1597 2255 1711 2343 Sala
1723 2255 1936 2343 causidich

359 2358 401 2432 de
422 2358 527 2432 Vich

361 2435 444 2518 Dit
468 2435 527 2518 dia
563 2435 681 2518 rebere
705 2435 741 2518 de
753 2435 859 2518 Joan
883 2435 1049 2518 Rocha
1073 2435 1264 2518 parayre
1288 2435 1323 2518 de
1347 2435 1501 2518 Caldes
1513 2435 1572 2518 de
1596 2435 1786 2518 Monbuy
1809 2435 1892 2518 fill
1916 2435 1952 2518 de

379 2534 531 2622 Antoni
556 2534 694 2622 Rocha
732 2534 908 2622 parayre
946 2534 959 2622 y
996 2534 1022 2622 de
1047 2534 1185 2622 Joana
1223 2534 1399 2622 defuncta
1437 2534 1475 2622 ab
1502 2534 1665 2622 Eleonor
1678 2534 1867 2622 donsella

335 2629 446 2716 filla
484 2629 521 2716 de
545 2629 719 2716 Antoni
731 2629 818 2716 Cat
830 2629 979 2716 ferrer
1016 2629 1202 2716 defunct
1239 2629 1252 2716 y
1289 2629 1326 2716 de
1351 2629 1500 2716 Paula
1549 2629 1636 2716 tots
1686 2629 1735 2716 de
1760 2629 1861 2716 dita

347 2737 576 2837 parochia
619 2737 676 2837 de
705 2737 862 2837 Caldes
891 2737 934 2837 de
948 2737 1148 2837 Monbuy

377 2823 453 2931 Dit
484 2823 545 2931 dia
575 2823 697 2931 rebere
728 2823 774 2931 de
789 2823 957 2931 Joseph
972 2823 1094 2931 Puig
1125 2823 1338 2931 negociant
1369 2823 1414 2931 de
1445 2823 1628 2931 Bara
1658 2823 1765 2931 fill
1780 2823 1826 2931 de
1857 2823 1933 2931 Ga

370 2926 472 3016 briel
498 2926 613 3016 Puig
639 2926 805 3016 sabater
843 2926 869 3016 y
895 2926 933 3016 de
959 2926 1125 3016 Eleonor
1151 2926 1343 3016 defuncts
1381 2926 1432 3016 ab
1458 2926 1624 3016 Clara
1650 2926 1855 3016 donsella

355 3029 481 3127 filla
509 3029 565 3127 de
593 3029 649 3127 mr
663 3029 831 3127 Jaume
859 3029 971 3127 font
999 3029 1027 3127 y
1055 3029 1182 3127 Says
1210 3029 1462 3127 apothecari
1490 3029 1532 3127 de
1560 3029 1672 3127 Vich
1742 3029 1784 3127 y
1812 3029 1868 3127 de

363 3115 503 3206 Anna
