2690 3794
421 274 563 354 Dilluns
604 274 614 354 a
645 274 685 354 12
736 274 848 354 rebere
869 274 899 354 de
920 274 1072 354 Jaume
1094 274 1226 354 Balle
1247 274 1359 354 pages
1379 274 1410 354 de
1430 274 1491 354 Sta
1501 274 1644 354 Maria
1664 274 1705 354 de
1725 274 1857 354 Arenys
1878 274 2000 354 bisbat

448 358 492 442 de
514 358 644 442 Girona
677 358 764 442 fill
786 358 807 442 de
829 358 927 442 Pere
949 358 1080 442 Balle
1091 358 1233 442 sabater
1265 358 1287 442 y
1320 358 1352 442 de
1363 358 1548 442 Elisabeth
1581 358 1744 442 defuncts
1787 358 1831 442 ab
1841 358 1994 442 Angela

388 444 574 541 donsella
599 444 711 541 filla
735 444 773 541 de
785 444 859 541 Joa
884 444 1084 541 Parrinet
1097 444 1283 541 parayre
1307 444 1345 541 de
1370 444 1518 541 Bara
1543 444 1556 541 y
1580 444 1618 541 de
1630 444 1779 541 Joana

414 539 573 626 Dimars
607 539 618 626 a
652 539 697 626 13
743 539 879 626 rebere
913 539 947 626 de
970 539 1186 626 Hyacinto
1209 539 1390 626 Paloma
1424 539 1549 626 pages
1583 539 1617 626 de
1640 539 1889 626 Sparaguera
1935 539 2025 626 fill

436 627 471 715 de
494 627 667 715 Sebastia
713 627 886 715 Paloma
921 627 1047 715 pages
1071 627 1082 715 y
1117 627 1153 715 de
1176 627 1349 715 Eularia
1395 627 1441 715 ab
1453 627 1695 715 Magdalena
1718 627 1891 715 donsella
1914 627 2018 715 filla

407 718 453 806 de
476 718 568 806 Joan
602 718 774 806 Astruch
797 718 923 806 pages
957 718 991 806 y
1014 718 1071 806 de
1094 718 1325 806 Mathiana
1371 718 1439 806 tots
1474 718 1508 806 de
1520 718 1611 806 dita
1634 718 1852 806 parrochia

419 813 476 898 Dit
510 813 566 898 dia
600 813 736 898 rebere
759 813 804 898 de
826 813 985 898 March
1019 813 1166 898 Pedro
1188 813 1369 898 parayre
1403 813 1448 898 de
1471 813 1663 898 Castellet
1675 813 1810 898 bisbat
1822 813 1878 898 de
1890 813 1991 898 Vich

448 903 534 995 fill
558 903 595 995 de
619 903 814 995 Salvador
839 903 960 995 Pedro
985 903 1095 995 pages
1119 903 1156 995 de
1168 903 1265 995 dita
1290 903 1509 995 parrochia
1533 903 1704 995 defunct
1729 903 1753 995 y
1777 903 1814 995 de
1840 903 1998 995 Marga

465 995 539 1088 rida
588 995 625 1088 ab
650 995 810 1088 Maria
835 995 1020 1088 donsella
1045 995 1156 1088 filla
1180 995 1217 1088 de
1230 995 1378 1088 Esteve
1390 995 1525 1088 Pujol
1538 995 1649 1088 pages
1673 995 1710 1088 de
1735 995 1883 1088 Stivol
1895 995 2031 1088 bisbat

418 1089 461 1170 de
483 1089 580 1170 Vich
602 1089 796 1170 habitant
818 1089 850 1170 en
893 1089 1034 1170 Bara
1056 1089 1077 1170 y
1110 1089 1142 1170 de
1164 1089 1391 1170 Catherina
1434 1089 1607 1170 defuncts

397 1182 596 1261 Dimecres
628 1182 649 1261 a
680 1182 712 1261 14
754 1182 880 1261 rebere
901 1182 932 1261 de
953 1182 1049 1261 Juan
1080 1182 1185 1261 Prat
1206 1182 1332 1261 pages
1353 1182 1385 1261 de
1406 1182 1458 1261 St
1469 1182 1616 1261 Marti
1626 1182 1668 1261 de
1689 1182 1899 1261 Sobremunt
1909 1182 2035 1261 bisbat

393 1265 436 1345 de
447 1265 545 1345 Vich
566 1265 759 1345 habitant
781 1265 813 1345 en
845 1265 974 1345 Bara
996 1265 1103 1345 viudo
1157 1265 1200 1345 ab
1221 1265 1457 1345 Hieronyma
1490 1265 1618 1345 viuda
1651 1265 1694 1345 de
1715 1265 1867 1345 Ramo
1888 1265 2017 1345 Comes

427 1361 548 1452 pages
573 1361 609 1452 de
633 1361 791 1452 Bara

413 1427 531 1514 Dijous
567 1427 591 1514 a
626 1427 662 1514 15
697 1427 829 1514 rebere
852 1427 888 1514 de
911 1427 1018 1514 Pere
1041 1427 1219 1514 Rovira
1254 1427 1384 1514 pages
1408 1427 1444 1514 de
1455 1427 1646 1514 Belvell
1658 1427 1753 1514 fill
1764 1427 1800 1514 de
1812 1427 1906 1514 Pere

389 1529 563 1609 Rovira
584 1529 705 1609 pages
737 1529 748 1609 y
781 1529 824 1609 de
835 1529 1019 1609 Antonia
1063 1529 1236 1609 defuncts
1269 1529 1312 1609 ab
1335 1529 1552 1609 Catherina
1584 1529 1704 1609 viuda
1736 1529 1769 1609 de
1780 1529 2009 1609 Montser=

390 1618 462 1707 rat
498 1618 666 1707 Bartra
701 1618 821 1707 pages
857 1618 893 1707 de
917 1618 977 1707 St
989 1618 1170 1707 Climent
1194 1618 1242 1707 de
1278 1618 1482 1707 Llobregat

416 1710 565 1792 Dissapte
587 1710 608 1792 a
640 1710 683 1792 17
736 1710 854 1792 rebere
875 1710 907 1792 de
928 1710 1110 1792 Alfonso
1120 1710 1270 1792 Garces
1302 1710 1473 1792 velluter
1505 1710 1547 1792 de
1569 1710 1708 1792 Bara
1729 1710 1848 1792 viudo
1869 1710 1922 1792 ab
1944 1710 2029 1792 Pra

430 1796 569 1886 xedis
592 1796 720 1886 viuda
755 1796 790 1886 de
825 1796 1011 1886 Bernat
1034 1796 1150 1886 Reig
1162 1796 1255 1886 jove
1278 1796 1441 1886 cilurgia
1476 1796 1510 1886 de
1522 1796 1673 1886 Bara

415 1899 490 1989 Dit
515 1899 578 1989 dia
615 1899 740 1989 rebere
777 1899 815 1989 de
840 1899 1064 1989 Anastasi
1077 1899 1314 1989 Casamajor
1326 1899 1464 1989 cinter
1501 1899 1539 1989 de
1551 1899 1715 1989 Bara
1740 1899 1827 1989 fill
1852 1899 1890 1989 de
1915 1899 2039 1989 Mi=

451 1995 561 2094 quel
574 1995 821 2094 Casamajor
848 1995 1040 2094 carnicer
1081 1995 1245 2094 defunct
1272 1995 1300 2094 y
1327 1995 1368 2094 de
1382 1995 1655 2094 Hieronyma
1710 1995 1765 2094 ab
1779 1995 2011 2094 Elisabeth

434 2092 615 2185 donsella
641 2092 745 2185 filla
771 2092 809 2185 de
835 2092 1016 2185 Bernat
1042 2092 1184 2185 Riell
1197 2092 1367 2185 botiguer
1393 2092 1432 2185 de
1445 2092 1652 2185 Vilanova
1678 2092 1729 2185 de
1742 2092 1897 2185 Sitges
1923 2092 1962 2185 de

410 2195 548 2294 funct
575 2195 603 2294 y
644 2195 672 2294 de
699 2195 975 2294 Magdalena

417 2267 631 2353 Diumenge
656 2267 681 2353 a
706 2267 744 2353 18
794 2267 907 2353 rebere
932 2267 970 2353 de
982 2267 1185 2353 fernando
1197 2267 1248 2353 de
1260 2267 1311 2353 La
1336 2267 1486 2353 Rocha
1512 2267 1763 2353 amboxador
1775 2267 1826 2353 de
1838 2267 1976 2353 vuellos
2064 2267 2102 2353 de

392 2363 619 2467 Borgonya
635 2363 711 2467 del
726 2363 895 2467 Regne
910 2363 955 2467 de
986 2363 1183 2467 Espanya
1198 2363 1411 2467 habitant
1426 2363 1471 2467 en
1486 2363 1623 2467 Bara
1638 2363 1684 2467 ab
1699 2363 1896 2467 Magda

353 2468 468 2557 Lena
507 2468 635 2557 viuda
674 2468 712 2557 de
738 2468 932 2557 Antoni
945 2468 1099 2557 Llopis
1125 2468 1279 2557 sastre
1318 2468 1356 2557 de
1382 2468 1549 2557 Bara

422 2545 484 2635 Dit
510 2545 572 2635 dia
598 2545 711 2635 rebere
736 2545 774 2635 de
799 2545 951 2635 Benet
976 2545 1115 2635 Bosch
1127 2545 1240 2635 oller
1265 2545 1303 2635 de
1316 2545 1454 2635 Bara
1479 2545 1567 2635 fill
1580 2545 1617 2635 de
1630 2545 1894 2635 Barthomeu
1919 2545 2046 2635 Bosch

403 2651 591 2740 traginer
616 2651 654 2740 de
666 2651 767 2740 mar
804 2651 980 2740 defunct
1005 2651 1030 2740 y
1055 2651 1093 2740 de
1118 2651 1406 2740 Maryangela
1458 2651 1508 2740 ab
1521 2651 1709 2740 Angela
1734 2651 1922 2740 donsella
1935 2651 2048 2740 filla

402 2753 442 2847 de
455 2753 547 2847 Joan
573 2753 811 2847 Casanoves
824 2753 944 2847 pages
983 2753 997 2847 y
1036 2753 1076 2847 de
1089 2753 1142 2847 t
1234 2753 1431 2847 defuncta

421 2837 482 2906 Dit
502 2837 552 2906 dia
582 2837 692 2906 rebere
712 2837 742 2906 de
752 2837 843 2906 Joan
863 2837 993 2906 Serra
1005 2837 1155 2906 texidor
1165 2837 1215 2906 de
1225 2837 1286 2906 lli
1306 2837 1366 2906 del
1386 2837 1496 2906 regne
1506 2837 1547 2906 de
1567 2837 1707 2906 frana
1737 2837 1928 2906 habitant
1948 2837 1978 2906 en

391 2916 535 2998 Bara
570 2916 608 2998 ab
632 2916 751 2998 Anna
775 2916 955 2998 donsella
978 2916 1086 2998 filla
1122 2916 1158 2998 de
1170 2916 1349 2998 Antoni
1373 2916 1552 2998 Moliner
1576 2916 1708 2998 pages
1732 2916 1768 2998 de
1780 2916 1899 2998 Gaya
1911 2916 2068 2998 bisbat

402 3003 455 3095 de
468 3003 561 3095 Vich
600 3003 627 3095 y
653 3003 693 3095 de
706 3003 852 3095 Joana
892 3003 1091 3095 defuncts

413 3088 576 3175 Dilluns
614 3088 626 3175 a
664 3088 701 3175 19
751 3088 864 3175 rebere
889 3088 914 3175 de
939 3088 1027 3175 Pau
1064 3088 1216 3175 ferrer
1241 3088 1416 3175 pescador
1454 3088 1491 3175 de
1504 3088 1566 3175 St
1579 3088 1742 3175 Andreu
1767 3088 1817 3175 de
1842 3088 2004 3175 Llava=

423 3189 554 3280 neres
581 3189 686 3280 fill
713 3189 739 3280 de
752 3189 858 3280 Joan
897 3189 1056 3280 ferrer
1082 3189 1201 3280 pages
1241 3189 1254 3280 y
1293 3189 1321 3280 de
1348 3189 1612 3280 Hieronyma
1651 3189 1836 3280 defuncts
1862 3189 1902 3280 ab
1915 3189 2047 3280 Ma=

408 3285 485 3374 ria
498 3285 691 3374 donsella
717 3285 833 3374 filla
859 3285 885 3374 de
910 3285 1091 3374 Sebastia
1117 3285 1310 3374 Alzina
1323 3285 1453 3374 pages
1479 3285 1505 3374 y
1530 3285 1556 3374 de
1569 3285 1724 3374 Maria
1750 3285 1814 3374 tots
1827 3285 1865 3374 de
1878 3285 1956 3374 dita

415 3381 647 3506 parrochia
