2690 3794
413 291 600 367 Divendres
630 291 649 367 a
689 291 747 367 26
797 291 905 367 rebere
934 291 973 367 de
994 291 1043 367 mr
1063 291 1161 367 Luys
1191 291 1348 367 Torres
1368 291 1456 367 nots
1476 291 1515 367 de
1535 291 1662 367 Bara
1682 291 1760 367 fill
1780 291 1810 367 de
1829 291 1878 367 mr
1898 291 2006 367 Luys

421 380 580 457 Torres
600 380 699 457 nots
729 380 768 457 de
788 380 926 457 Bara
956 380 976 457 y
996 380 1035 457 de
1055 380 1223 457 Angela
1273 380 1441 457 defuncts
1490 380 1530 457 ab
1559 380 1589 457 la
1629 380 1708 457 Sra
1727 380 1936 457 Catherina
1956 380 2025 457 do=

428 468 535 551 sella
578 468 685 551 filla
728 468 771 551 de
793 468 943 551 Antoni
965 468 1104 551 fabrer
1126 468 1298 551 guanter
1330 468 1373 551 de
1394 468 1525 551 Bara
1546 468 1567 551 y
1600 468 1632 551 de
1653 468 1879 551 Mathiana
1911 468 2051 551 defucts

424 570 481 644 Dit
500 570 558 644 dia
586 570 701 644 rebere
739 570 768 644 de
796 570 968 644 Mathia
987 570 1189 644 Castellvi
1208 570 1332 644 pages
1361 570 1399 644 de
1418 570 1504 644 Sta
1523 570 1609 644 Creu
1638 570 1708 644 del
1708 570 1800 644 orde
1829 570 1915 644 fill
1944 570 1991 644 de

447 663 557 749 Joan
591 663 801 749 Castellvi
823 663 936 749 pages
969 663 1002 749 de
1013 663 1102 749 dita
1135 663 1334 749 parrochia
1368 663 1390 749 y
1423 663 1467 749 de
1479 663 1634 749 Paula
1700 663 1744 749 ab
1767 663 1922 749 Eularia
1955 663 2044 749 do=

428 766 537 850 sella
580 766 678 850 filla
722 766 765 850 de
787 766 940 850 Antich
984 766 1092 850 folch
1125 766 1234 850 pages
1266 766 1440 850 defunct
1462 766 1484 850 y
1516 766 1560 850 de
1571 766 1614 850 t

408 861 485 943 Dit
507 861 561 943 dia
594 861 726 943 rebere
759 861 792 943 de
814 861 1035 943 francesch
1079 861 1210 943 Viala
1254 861 1375 943 pages
1408 861 1463 943 del
1474 861 1605 943 regne
1627 861 1682 943 de
1693 861 1848 943 frança
1870 861 2013 943 habi=

401 952 504 1030 tant
546 952 587 1030 en
608 952 680 1030 St
701 952 856 1030 Pheliu
887 952 938 1030 de
969 952 1177 1030 Llobregat
1208 952 1343 1030 viudo
1374 952 1425 1030 ab
1456 952 1622 1030 Maria
1663 952 1797 1030 viuda
1839 952 1892 1030 de
1902 952 1995 1030 fran

420 1048 625 1133 Ravella
682 1048 796 1133 pages
830 1048 1023 1133 habitant
1046 1048 1092 1133 en
1126 1048 1196 1133 St
1218 1048 1332 1133 feliu
1366 1048 1423 1133 de
1435 1048 1640 1133 llobregat

408 1150 585 1233 Dissapte
618 1150 629 1233 a
674 1150 729 1233 27
773 1150 906 1233 rebere
928 1150 962 1233 de
984 1150 1095 1233 Joan
1139 1150 1338 1233 Guimera
1383 1150 1516 1233 pages
1549 1150 1582 1233 de
1615 1150 1759 1233 Sitges
1781 1150 1870 1233 fill
1892 1150 1937 1233 de
1959 1150 2070 1233 Mi=

473 1240 568 1329 quel
592 1240 795 1329 Guimera
831 1240 1035 1329 mariner
1070 1240 1082 1329 y
1120 1240 1168 1329 de
1191 1240 1419 1329 Elisabeth
1454 1240 1502 1329 ab
1526 1240 1777 1329 Magdalena
1801 1240 1992 1329 donsella
2016 1240 2112 1329 filla

497 1338 533 1426 de
545 1338 699 1426 Arnau
735 1338 853 1426 Llosa
877 1338 996 1426 pages
1032 1338 1174 1426 defunct
1210 1338 1222 1426 y
1245 1338 1281 1426 de
1305 1338 1328 1426 t
1376 1338 1459 1426 tots
1483 1338 1518 1426 de
1542 1338 1625 1426 dita
1649 1338 1863 1426 parrochia

414 1440 488 1518 Dit
520 1440 594 1518 dia
625 1440 784 1518 reberem
837 1440 879 1518 de
900 1440 1059 1518 jaume
1112 1440 1260 1518 Steva
1302 1440 1419 1518 pages
1450 1440 1493 1518 de
1514 1440 1757 1518 Monmalo
1799 1440 1894 1518 fill
1926 1440 1968 1518 de
1990 1440 2095 1518 Mi=

475 1538 568 1624 quel
603 1538 744 1624 Steva
767 1538 884 1624 pages
919 1538 942 1624 y
966 1538 1001 1624 de
1012 1538 1058 1624 t
1104 1538 1303 1624 defuncts
1350 1538 1397 1624 ab
1420 1538 1630 1624 Elisabeth
1665 1538 1829 1624 Maria
1852 1538 2039 1624 donsella

435 1640 554 1719 filla
586 1640 629 1719 de
651 1640 824 1719 Antich
867 1640 943 1719 Cal
975 1640 1094 1719 pages
1126 1640 1170 1719 de
1191 1640 1342 1719 Parets
1375 1640 1407 1719 y
1429 1640 1472 1719 de
1494 1640 1720 1719 Catherina

416 1736 472 1804 Dit
500 1736 566 1804 dia
594 1736 716 1804 rebere
745 1736 782 1804 de
801 1736 896 1804 Pere
924 1736 1037 1804 Mas
1065 1736 1244 1804 corredor
1262 1736 1309 1804 de
1328 1736 1413 1804 coll
1441 1736 1478 1804 de
1497 1736 1638 1804 Bara
1647 1736 1769 1804 viudo
1798 1736 1855 1804 ab
1874 1736 1987 1804 Ma=

367 1826 445 1907 ria
478 1826 612 1907 viuda
668 1826 701 1907 de
713 1826 947 1907 Hieronym
991 1826 1058 1907 St
1081 1826 1192 1907 Cana
1226 1826 1372 1907 mestre
1394 1826 1450 1907 de
1461 1826 1595 1907 cases
1629 1826 1673 1907 de
1696 1826 1841 1907 Bara

404 1930 481 2011 Dit
514 1930 569 2011 dia
613 1930 746 2011 rebere
779 1930 812 2011 de
834 1930 944 2011 Joan
989 1930 1000 2011 #
1242 1930 1475 2011 Causanell
1497 1930 1685 2011 serrador
1718 1930 1784 2011 del
1795 1930 1917 2011 regne
1939 1930 1994 2011 de

429 2015 603 2107 frança
653 2015 865 2107 habitant
903 2015 940 2107 en
965 2015 1127 2107 Bara
1152 2015 1202 2107 ab
1227 2015 1439 2107 Elisabeth
1464 2015 1601 2107 viuda
1651 2015 1688 2107 de
1713 2015 1900 2107 Antoni
1914 2015 2064 2107 Camps

429 2112 629 2211 pescador
656 2112 696 2211 de
722 2112 882 2211 frança
909 2112 1123 2211 habitant
1149 2112 1189 2211 en
1216 2112 1376 2211 Bara

411 2215 470 2302 Dit
494 2215 565 2302 dia
588 2215 706 2302 rebere
741 2215 777 2302 de
789 2215 883 2302 Joan
906 2215 1119 2302 Pallisser
1130 2215 1343 2302 erationer
1366 2215 1413 2302 de
1425 2215 1590 2302 Tortosa
1614 2215 1732 2302 viudo
1755 2215 1802 2302 ab
1826 2215 1956 2302 Mag=

314 2317 471 2413 Dalena
523 2317 706 2413 Arsisa
733 2317 927 2413 donsella
966 2317 1084 2413 filla
1123 2317 1162 2413 de
1188 2317 1280 2413 Joa
1319 2317 1475 2413 Arsis
1515 2317 1645 2413 pages
1671 2317 1724 2413 de
1750 2317 1972 2413 Vilalloga

402 2413 467 2508 del
493 2413 779 2508 Archebisbat
805 2413 857 2508 de
869 2413 1116 2508 Tarragona
1168 2413 1181 2508 y
1220 2413 1259 2508 de
1285 2413 1505 2508 francina

414 2507 602 2597 Diumege
626 2507 649 2597 a
685 2507 743 2597 28
779 2507 908 2597 rebere
932 2507 967 2597 de
991 2507 1085 2597 Joan
1120 2507 1274 2597 Perriz
1297 2507 1474 2597 pescador
1509 2507 1568 2597 del
1592 2507 1721 2597 regne
1733 2507 1780 2597 de
1804 2507 1933 2597 fraça

392 2604 591 2683 habitant
622 2604 664 2683 en
695 2604 840 2683 Bara
871 2604 923 2683 ab
954 2604 1100 2683 Paula
1141 2604 1276 2683 viuda
1328 2604 1370 2683 de
1380 2604 1453 2683 Joa
1494 2604 1650 2683 Marti
1671 2604 1795 2683 pages
1816 2604 1899 2683 mori
1920 2604 1951 2683 en
1962 2604 2065 2683 bara

411 2702 481 2785 Dit
516 2702 574 2785 dia
609 2702 749 2785 donare
772 2702 956 2785 llicentia
991 2702 1108 2785 gratis
1143 2702 1154 2785 a
1201 2702 1352 2785 Lluch
1387 2702 1515 2785 Sans
1538 2702 1747 2785 calsater
1782 2702 1829 2785 de
1840 2702 2002 2785 Bara

454 2791 580 2881 viudo
631 2791 668 2881 ab
693 2791 845 2881 Paula
882 2791 1008 2881 viuda
1059 2791 1096 2881 de
1121 2791 1235 2881 Pere
1260 2791 1436 2881 Llobera
1461 2791 1674 2881 causidich
1712 2791 1749 2881 de
1774 2791 1938 2881 Bara

408 2900 543 2966 Dilluns
579 2900 597 2966 a
642 2900 687 2966 29
732 2900 859 2966 rebere
895 2900 931 2966 de
949 2900 1101 2966 Antoni
1128 2900 1317 2966 Martina
1353 2900 1525 2966 texidor
1543 2900 1588 2966 de
1606 2900 1714 2966 llana
1759 2900 1795 2966 de
1822 2900 1975 2966 Caldes

409 2983 454 3066 de
477 2983 658 3066 Monbuy
680 2983 806 3066 viudo
828 2983 874 3066 ab
896 2983 1065 3066 Eleonor
1088 2983 1269 3066 donsella
1291 2983 1393 3066 filla
1427 2983 1461 3066 de
1472 2983 1641 3066 Agusti
1652 2983 1801 3066 Pineda
1834 2983 1947 3066 pages

413 3070 456 3150 de
467 3070 532 3150 St
543 3070 696 3150 Vicens
729 3070 783 3150 de
805 3070 958 3150 Riells
990 3070 1012 3150 y
1034 3070 1079 3150 de
1111 3070 1253 3150 Joana
1297 3070 1471 3150 defuncta

398 3157 574 3240 Dimars
609 3157 633 3240 a
668 3157 727 3240 30
773 3157 902 3240 rebere
938 3157 973 3240 de
984 3157 1207 3240 Hyacinto
1219 3157 1500 3240 Palaudaries
1524 3157 1641 3240 pages
1676 3157 1711 3240 de
1723 3157 1875 3240 Aulesa
1899 3157 1993 3240 fill

442 3245 479 3332 de
491 3245 577 3332 Pau
614 3245 884 3332 Palaudaries
909 3245 1032 3332 pages
1069 3245 1241 3332 defunct
1265 3245 1290 3332 y
1314 3245 1351 3332 de
1376 3245 1560 3332 Angela
1609 3245 1659 3332 ab
1671 3245 1818 3332 Clara
1843 3245 2015 3332 donsella

430 3340 547 3432 filla
585 3340 624 3432 de
637 3340 767 3432 franch
780 3340 896 3432 julia
909 3340 1039 3432 pages
1065 3340 1103 3432 de
1116 3340 1259 3432 Molin
1272 3340 1311 3432 de
1324 3340 1388 3432 rey
1414 3340 1427 3432 y
1453 3340 1492 3432 de
1518 3340 1751 3432 Magdalena
1790 3340 1971 3432 defuncta
