2690 3794
414 278 600 374 Dissapte
624 278 649 374 a
674 278 711 374 12
748 278 871 374 rebere
908 278 946 374 de
958 278 1094 374 Agust
1118 278 1268 374 Marti
1281 278 1565 374 Descarregador
1577 278 1614 374 de
1639 278 1725 374 mar
1750 278 1787 374 de
1812 278 1972 374 Bara

369 372 459 460 fill
482 372 516 460 de
539 372 697 460 Agusti
708 372 855 460 Marti
866 372 979 460 boter
1013 372 1036 460 y
1058 372 1104 460 de
1126 372 1320 460 Agustina
1342 372 1523 460 Martina
1557 372 1726 460 defuncts
1772 372 1817 460 ab
1839 372 1964 460 Valen

347 468 443 551 tina
464 468 592 551 viuda
645 468 687 551 de
719 468 772 551 t
857 468 1081 551 Casanoves
1103 468 1294 551 calsater
1315 468 1368 551 de
1389 468 1538 551 agulla
1591 468 1634 551 de
1655 468 1793 551 Bara

419 558 479 648 Dit
503 558 551 648 dia
575 558 695 648 rebere
718 558 754 648 de
778 558 934 648 jaume
958 558 1137 648 Campins
1149 558 1281 648 pages
1305 558 1328 648 de
1340 558 1520 648 Vilassar
1544 558 1627 648 fill
1651 558 1687 648 de
1699 558 1879 648 Bernat
1903 558 2082 648 Campins

446 647 559 731 pages
592 647 615 731 y
637 647 671 731 de
693 647 815 731 Anna
860 647 905 731 ab
916 647 1062 731 Maria
1085 647 1253 731 donsella
1287 647 1388 731 filla
1410 647 1455 731 de
1500 647 1534 731 t
1601 647 1725 731 Julia
1747 647 1859 731 pages
1893 647 1904 731 y
1927 647 1972 731 de
1994 647 2028 731 t

391 729 470 813 tots
492 729 526 813 de
549 729 650 813 dita
673 729 887 813 parrochia

390 815 469 900 Dit
491 815 548 900 dia
581 815 705 900 rebere
739 815 773 900 de
784 815 874 900 Joan
929 815 1064 900 fillol
1076 815 1278 900 cardador
1301 815 1346 900 de
1357 815 1504 900 Bara
1526 815 1650 900 viudo
1673 815 1718 900 ab
1740 815 2021 900 Hieronyma

442 913 564 1005 viuda
601 913 650 1005 de
662 913 711 1005 t
772 913 980 1005 Soradell
992 913 1114 1005 pages
1138 913 1175 1005 de
1199 913 1430 1005 Massanet
1454 913 1601 1005 bisbat
1613 913 1662 1005 de
1687 913 1857 1005 Gerona

404 1007 611 1100 Diumege
637 1007 663 1100 a
702 1007 740 1100 13
792 1007 921 1100 rebere
960 1007 1025 1100 del
1051 1007 1103 1100 Sr
1115 1007 1309 1100 Alvaro
1335 1007 1505 1100 Anton
1544 1007 1725 1100 Bosser
1738 1007 1790 1100 en
1815 1007 1906 1100 arts
1932 1007 1958 1100 y
1971 1007 2113 1100 medi=

457 1105 553 1191 cina
577 1105 709 1191 doctor
721 1105 889 1191 donsell
913 1105 997 1191 fill
1021 1105 1069 1191 del
1093 1105 1153 1191 Sr
1165 1105 1321 1191 Gabriel
1333 1105 1465 1191 Anton
1489 1105 1657 1191 Bosser
1669 1105 1837 1191 cavaller
1861 1105 1897 1191 en
1921 1105 2067 1191 Bara

489 1199 698 1292 domiciliat
737 1199 751 1292 y
790 1199 829 1292 de
842 1199 1051 1292 Elisabeth
1090 1199 1260 1292 defuncta
1286 1199 1338 1292 ab
1351 1199 1391 1292 la
1430 1199 1495 1292 Sra
1508 1199 1756 1292 Hieronyma
1796 1199 1979 1292 donsella

433 1293 550 1385 filla
576 1293 628 1385 del
667 1293 719 1385 Sr
732 1293 914 1385 Miquel
929 1293 1072 1385 Perez
1098 1293 1254 1385 Scriva
1280 1293 1319 1385 de
1332 1293 1553 1385 manamet
1579 1293 1592 1385 y
1618 1293 1657 1385 de
1670 1293 1800 1385 Anna
1839 1293 2008 1385 defuncta

389 1392 461 1479 Dit
485 1392 545 1479 dia
569 1392 690 1479 rebere
726 1392 762 1479 de
774 1392 945 1479 Bernat
969 1392 1102 1479 forga
1126 1392 1294 1479 parayre
1331 1392 1367 1479 de
1379 1392 1512 1479 Bara
1536 1392 1656 1479 viudo
1680 1392 1730 1479 ab
1742 1392 1923 1479 Eularia

387 1485 574 1581 donsella
588 1485 708 1581 filla
734 1485 788 1581 del
828 1485 1015 1581 Hospital
1043 1485 1217 1581 General
1244 1485 1284 1581 de
1297 1485 1377 1581 Sta
1391 1485 1484 1581 Greu

393 1575 542 1664 Dilluns
579 1575 592 1664 a
629 1575 666 1664 14
716 1575 840 1664 rebere
865 1575 902 1664 de
927 1575 940 1664 #
977 1575 1213 1664 francesch
1238 1575 1362 1664 Puig
1375 1575 1549 1664 ciuteda
1586 1575 1748 1664 honrat
1773 1575 1810 1664 de
1822 1575 1998 1664 Bara

434 1670 534 1759 fill
559 1670 584 1759 de
609 1670 709 1759 Pere
721 1670 846 1759 Puig
859 1670 1021 1759 ciuteda
1046 1670 1196 1759 honrat
1221 1670 1258 1759 de
1283 1670 1420 1759 Bara
1445 1670 1458 1759 y
1483 1670 1632 1759 notari
1657 1670 1707 1759 de
1720 1670 1894 1759 registre
1932 1670 1969 1759 de

418 1766 543 1865 funct
571 1766 598 1865 y
626 1766 668 1865 de
696 1766 905 1865 Lueretia
946 1766 988 1865 ab
1016 1766 1211 1865 Dorothea
1225 1766 1392 1865 donsella
1419 1766 1531 1865 filla
1559 1766 1586 1865 de
1614 1766 1713 1865 Joan
1741 1766 1964 1865 Puigianer

380 1863 532 1946 ciuteda
567 1863 719 1946 honrat
755 1863 790 1946 de
813 1863 965 1946 Bara
988 1863 1012 1946 y
1047 1863 1082 1946 de
1105 1863 1152 1946 t
1245 1863 1444 1946 defuncta

399 1956 469 2052 Dit
496 1956 566 2052 dia
608 1956 734 2052 rebere
762 1956 803 2052 de
817 1956 987 2052 Antoni
1015 1956 1224 2052 Piferrer
1238 1956 1433 2052 pescador
1461 1956 1489 2052 de
1503 1956 1699 2052 Vilassar
1726 1956 1824 2052 fill
1852 1956 1880 2052 de
1894 1956 2061 2052 Antoni

383 2052 618 2160 Piserrer
634 2052 821 2160 pescador
852 2052 868 2160 y
899 2052 945 2160 de
961 2052 1241 2160 Maryanna
1272 2052 1459 2160 defuncta
1490 2052 1553 2160 ab
1568 2052 1755 2160 Angela
1771 2052 1975 2160 donsella
1991 2052 2115 2160 filla

455 2152 484 2251 de
513 2152 757 2251 Barthomeu
786 2152 1030 2251 Llavaneres
1045 2152 1160 2251 pages
1188 2152 1231 2251 de
1246 2152 1434 2251 Vilassar
1449 2152 1478 2251 y
1506 2152 1535 2251 de
1549 2152 1736 2251 Angela
1779 2152 1981 2251 defuncta

388 2259 457 2340 Dit
491 2259 537 2340 dia
572 2259 698 2340 rebere
721 2259 757 2340 de
780 2259 884 2340 Joan
918 2259 1045 2340 Comes
1068 2259 1183 2340 pages
1218 2259 1264 2340 del
1287 2259 1402 2340 regne
1425 2259 1471 2340 de
1484 2259 1633 2340 frana
1656 2259 1864 2340 habitant
1887 2259 1921 2340 en

333 2346 585 2434 Vilafranca
624 2346 662 2434 ab
687 2346 826 2434 Joana
851 2346 1028 2434 donsella
1053 2346 1166 2434 filla
1191 2346 1217 2434 de
1242 2346 1380 2434 Arnau
1420 2346 1621 2434 Arnavat
1634 2346 1760 2434 pages
1772 2346 1936 2434 habitat

360 2430 395 2510 en
418 2430 591 2510 Pontons
614 2430 637 2510 y
671 2430 706 2510 de
729 2430 923 2510 Eularia

388 2527 458 2631 Dit
486 2527 528 2631 dia
556 2527 683 2631 rebere
711 2527 753 2631 de
767 2527 991 2631 Hyacinto
1005 2527 1216 2631 Pellisser
1230 2527 1356 2631 pages
1384 2527 1426 2631 de
1440 2527 1496 2631 la
1512 2527 1694 2631 Garriga
1722 2527 1821 2631 fill
1835 2527 1877 2631 de
1891 2527 2003 2631 Pere

372 2636 587 2736 Pelisser
601 2636 722 2736 pages
762 2636 938 2736 defunct
965 2636 992 2736 y
1019 2636 1046 2736 de
1073 2636 1221 2736 Joana
1275 2636 1315 2736 ab
1342 2636 1518 2736 Maria
1544 2636 1733 2736 donsella
1760 2636 1882 2736 filla
1922 2636 1962 2736 de

407 2734 462 2834 t
586 2734 789 2834 Torrent
803 2734 939 2834 pages
966 2734 1007 2834 de
1034 2734 1197 2834 Parets
1224 2734 1251 2834 y
1278 2734 1319 2834 de
1346 2734 1564 2834 Elisabeth

385 2843 457 2929 Dit
480 2843 552 2929 dia
587 2843 718 2929 rebere
742 2843 778 2929 de
801 2843 980 2929 Antoni
1015 2843 1146 2929 Mato
1170 2843 1301 2929 pages
1336 2843 1372 2929 de
1396 2843 1550 2929 frana
1574 2843 1788 2929 habitant
1812 2843 1847 2929 en
1883 2843 2014 2929 Ter=

414 2940 536 3038 rassa
576 2940 631 3038 ab
658 2940 887 3038 Elisabeth
901 2940 1090 3038 donsella
1117 2940 1225 3038 filla
1252 2940 1293 3038 de
1307 2940 1482 3038 Raphel
1509 2940 1658 3038 Riera
1672 2940 1847 3038 parayre
1874 2940 1915 3038 de

391 3041 605 3132 Terrassa
630 3041 655 3132 y
693 3041 731 3132 de
756 3041 806 3132 t
894 3041 1070 3132 defuncts
