2690 3794
345 302 520 387 Diumege
542 302 564 387 a
597 302 641 387 23
685 302 794 387 rebere
816 302 849 387 de
871 302 992 387 Magi
1003 302 1200 387 Rafegas
1222 302 1321 387 pages
1343 302 1375 387 de
1386 302 1605 387 Vilafranca
1627 302 1671 387 de
1682 302 1890 387 Panaders

342 393 428 475 fill
449 393 481 475 de
502 393 695 475 francesch
716 393 897 475 Rafegas
918 393 1067 475 parayre
1099 393 1238 475 defunct
1269 393 1291 475 y
1312 393 1344 475 de
1365 393 1482 475 Anna
1525 393 1567 475 ab
1589 393 1770 475 Elisabeth
1791 393 1877 475 don=

313 484 404 562 sella
414 484 515 562 filla
545 484 585 562 de
605 484 696 562 joan
736 484 847 562 Mila
877 484 997 562 pages
1028 484 1048 562 y
1078 484 1108 562 de
1128 484 1269 562 Anna
1299 484 1472 562 defuncts
1502 484 1582 562 tots
1612 484 1643 562 de
1663 484 1743 562 dita
1763 484 1864 562 vila

328 584 405 654 Dit
440 584 482 654 di
508 584 663 654 reberem
697 584 732 654 de
749 584 869 654 Arcis
903 584 1134 654 Caramoni
1185 584 1315 654 Oredo
1340 584 1426 654 bote
1477 584 1520 654 de
1537 584 1725 654 Oalaro
1785 584 1828 654 ab
1854 584 1931 654 Oa

379 664 514 748 ganda
535 664 712 748 Puialt
733 664 847 748 viuda
899 664 982 748 desl
1003 664 1160 748 vrcens
1170 664 1222 748 de
1243 664 1451 748 Llavarer

357 755 412 829 Dit
439 755 493 829 dia
520 755 647 829 rebere
674 755 710 829 de
729 755 810 829 Pere
837 755 1027 829 Terresols
1055 755 1154 829 pages
1181 755 1236 829 del
1254 755 1354 829 regne
1381 755 1435 829 de
1453 755 1580 829 frança
1607 755 1797 829 habitant
1825 755 1870 829 en

363 833 506 923 Sarria
550 833 627 923 fill
649 833 682 923 de
693 833 946 923 Barthomeu
990 833 1210 923 Terresols
1232 833 1340 923 pages
1373 833 1395 923 y
1428 833 1461 923 de
1483 833 1637 923 Maria
1670 833 1868 923 defuncts

357 933 408 1018 ab
429 933 593 1018 Eularia
634 933 798 1018 donsella
839 933 931 1018 filla
962 933 993 1018 de
1014 933 1188 1018 Domingo
1219 933 1372 1018 Doloro
1403 933 1516 1018 pages
1547 933 1731 1018 habitant
1762 933 1793 1018 en
1813 933 1936 1018 Sar=

345 1026 408 1129 ria
433 1026 471 1129 y
483 1026 533 1129 de
546 1026 772 1129 Elisabeth

354 1101 404 1193 Dit
429 1101 479 1193 dia
504 1101 604 1193 rebere
629 1101 667 1193 de
679 1101 817 1193 jaume
842 1101 992 1193 Bover
1004 1101 1129 1193 corder
1167 1101 1204 1193 de
1229 1101 1355 1193 Bara
1380 1101 1467 1193 fill
1480 1101 1517 1193 de
1530 1101 1730 1193 Hieronym
1767 1101 1905 1193 Bover
1942 1101 2068 1193 corder

428 1204 455 1304 y
482 1204 510 1304 de
537 1204 687 1304 Paula
741 1204 782 1304 ab
809 1204 1012 1304 Elisabeth
1039 1204 1230 1304 donsella
1257 1204 1366 1304 filla
1407 1204 1434 1304 de
1461 1204 1679 1304 francesch
1706 1204 1911 1304 figueres

323 1310 447 1400 pages
483 1310 520 1400 de
533 1310 594 1400 St
607 1310 730 1400 Cugat
742 1310 791 1400 de
804 1310 964 1400 Vallers
1001 1310 1025 1400 y
1062 1310 1099 1400 de
1124 1310 1259 1400 Joana
1296 1310 1481 1400 defuncta

352 1398 392 1472 Dit
422 1398 462 1472 dia
641 1398 651 1472 #
821 1398 831 1472 #
990 1398 1010 1472 #
1170 1398 1220 1472 Dit
1240 1398 1290 1472 dia
1320 1398 1429 1472 rebere
1459 1398 1489 1472 de
1509 1398 1549 1472 mr
1569 1398 1759 1472 francesch
1789 1398 1868 1472 Coll

326 1479 480 1561 botiguer
502 1479 546 1561 de
568 1479 678 1561 draps
700 1479 733 1561 de
755 1479 898 1561 Alella
909 1479 1096 1561 habitant
1118 1479 1151 1561 en
1173 1479 1305 1561 Bara
1327 1479 1415 1561 fill
1439 1479 1461 1561 de
1483 1479 1637 1561 Gabriel
1648 1479 1725 1561 Coll
1736 1479 1846 1561 pages
1868 1479 1912 1561 de

326 1561 456 1648 Alella
491 1561 515 1648 y
539 1561 586 1648 de
597 1561 774 1648 Angela
821 1561 869 1648 ab
892 1561 1128 1648 Margarida
1152 1561 1328 1648 donsella
1340 1561 1446 1648 filla
1470 1561 1505 1648 de
1529 1561 1588 1648 mr
1600 1561 1682 1648 Pau
1717 1561 1930 1648 Bonadona

335 1652 523 1734 mercader
557 1652 590 1734 de
601 1652 734 1734 Bara
767 1652 778 1734 y
801 1652 834 1734 de
856 1652 1056 1734 Praxedis

340 1732 401 1819 Dit
413 1732 462 1819 dia
487 1732 597 1819 donare
622 1732 782 1819 llicentia
806 1732 918 1819 gratis
943 1732 955 1819 a
980 1732 1139 1819 Miquel
1151 1732 1360 1819 ferrandis
1385 1732 1409 1819 de
1434 1732 1556 1819 Bara
1569 1732 1655 1819 fill
1667 1732 1704 1819 de
1716 1732 1889 1819 Miquel

318 1824 521 1910 ferrandis
545 1824 677 1910 correu
701 1824 725 1910 y
749 1824 796 1910 de
820 1824 880 1910 t
988 1824 1155 1910 defuncta
1204 1824 1240 1910 ab
1252 1824 1479 1910 Maryanna
1503 1824 1611 1910 viuda
1647 1824 1683 1910 de
1707 1824 1850 1910 Phelip

308 1927 475 2006 Matali
497 1927 621 2006 pages
643 1927 688 2006 de
710 1927 854 2006 Molin
866 1927 910 2006 de
921 1927 999 2006 rey

349 2002 403 2077 Dit
414 2002 469 2077 dia
490 2002 599 2077 rebere
621 2002 654 2077 de
675 2002 829 2077 Sebatia
840 2002 949 2077 Soler
960 2002 1112 2077 algutsir
1134 2002 1417 2077 extraordinari
1439 2002 1471 2077 de
1482 2002 1591 2077 Bara
1614 2002 1712 2077 viudo
1745 2002 1788 2077 ab
1799 2002 1919 2077 Mar=

252 2114 401 2192 yanna
435 2114 561 2192 viuda
607 2114 652 2192 de
686 2114 755 2192 t
859 2114 1019 2192 Agusti
1031 2114 1213 2192 hostaler

341 2189 528 2270 Divendres
551 2189 575 2270 a
598 2189 645 2270 28
680 2189 797 2270 rebere
820 2189 855 2270 de
867 2189 1018 2270 Antoni
1030 2189 1182 2270 Brossa
1193 2189 1380 2270 serrador
1404 2189 1590 2270 habitant
1614 2189 1649 2270 en
1672 2189 1906 2270 Granollers

316 2275 435 2350 viudo
467 2275 510 2350 ab
532 2275 661 2350 Anna
682 2275 801 2350 viuda
844 2275 887 2350 de
908 2275 1091 2350 domenjo
1113 2275 1296 2350 Maseres
1317 2275 1468 2350 texidor
1479 2275 1522 2350 de
1543 2275 1651 2350 llana
1683 2275 1877 2350 habitant

322 2365 362 2458 en
388 2365 535 2458 Bara

348 2426 390 2498 Dit
411 2426 463 2498 dia
495 2426 599 2498 rebere
631 2426 652 2498 de
672 2426 850 2498 Hieronym
882 2426 1039 2498 Solanes
1060 2426 1196 2498 texidor
1206 2426 1248 2498 de
1258 2426 1363 2498 llana
1405 2426 1436 2498 de
1457 2426 1635 2498 Terrassa
1656 2426 1760 2498 viudo
1792 2426 1834 2498 ab

258 2509 462 2591 Elisabeth
486 2509 666 2591 donsella
678 2509 785 2591 filla
809 2509 845 2591 de
857 2509 953 2591 Joan
977 2509 1097 2591 Vidal
1109 2509 1268 2591 texidor
1268 2509 1313 2591 de
1325 2509 1433 2591 llana
1469 2509 1481 2591 y
1517 2509 1552 2591 de
1564 2509 1732 2591 Beneta
1756 2509 1828 2591 tots

323 2628 359 2690 de
386 2628 468 2690 dita
486 2628 577 2690 vila

353 2676 412 2753 Dit
436 2676 484 2753 dia
507 2676 626 2753 rebere
662 2676 710 2753 de
721 2676 828 2753 Joan
864 2676 1007 2753 Oriach
1031 2676 1185 2753 texidor
1197 2676 1233 2753 de
1256 2676 1375 2753 llana
1423 2676 1459 2753 de
1470 2676 1601 2753 Caldes
1613 2676 1661 2753 de
1685 2676 1863 2753 Monbuy

253 2767 387 2854 viudo
414 2767 455 2854 ab
482 2767 669 2854 Antonia
696 2767 896 2854 donsella
923 2767 1043 2854 filla
1070 2767 1110 2854 de
1123 2767 1310 2854 Antoni
1324 2767 1444 2854 Prat
1457 2767 1591 2854 pages
1618 2767 1644 2854 de
1671 2767 1871 2854 Samalus

289 2878 469 2985 defunct
502 2878 518 2985 y
551 2878 600 2985 de
616 2878 861 2985 Miquela

338 2944 500 3033 Dissapte
524 2944 537 3033 a
574 2944 624 3033 29
649 2944 775 3033 rebere
800 2944 837 3033 de
850 2944 1036 3033 Bernat
1061 2944 1273 3033 Cassanyes
1285 2944 1459 3033 calsater
1473 2944 1523 3033 de
1536 2944 1685 3033 agulla
1710 2944 1772 3033 del
1784 2944 1896 3033 regne
1946 2944 2008 3033 de

366 3038 502 3120 frança
525 3038 720 3120 habitant
743 3038 777 3120 en
800 3038 937 3120 Bara
971 3038 1005 3120 ab
1040 3038 1292 3120 Maryanna
1337 3038 1463 3120 viuda
1497 3038 1531 3120 de
1554 3038 1600 3120 t
1645 3038 1828 3120 Massip
1851 3038 1919 3120 sa=

331 3127 441 3213 bater
477 3127 513 3213 de
525 3127 669 3213 Bara

335 3189 403 3271 Dit
426 3189 483 3271 dia
505 3189 630 3271 rebere
653 3189 687 3271 de
710 3189 867 3271 Antoni
878 3189 946 3271 Joa
981 3189 1173 3271 Bernich
1196 3189 1332 3271 mestre
1355 3189 1400 3271 de
1412 3189 1525 3271 cases
1548 3189 1582 3271 de
1605 3189 1741 3271 Bara
1752 3189 1864 3271 viudo
1887 3189 1933 3271 ab

368 3275 527 3370 Angela
540 3275 673 3370 dosella
699 3275 805 3370 filla
831 3275 871 3370 de
897 3275 1016 3370 Llich
1030 3275 1136 3370 Sans
1149 3275 1334 3370 calsater
1360 3275 1387 3370 de
1398 3275 1517 3370 Bara
1531 3275 1544 3370 y
1570 3275 1597 3370 de
1610 3275 1769 3370 fracisca
1795 3275 1941 3370 defucta
