2690 3794
382 286 790 413 Dimecres
820 286 835 413 a
881 286 896 413 2
926 286 1062 413 rebere
1092 286 1123 413 de
1153 286 1319 413 Antoni
1334 286 1515 413 Scarrer
1530 286 1666 413 pages
1682 286 1712 413 de
1727 286 1940 413 Cubelles
1955 286 2061 413 fill

466 421 501 493 de
519 421 676 493 Antoni
702 421 885 493 Scarrer
902 421 1016 493 pages
1042 421 1068 493 y
1094 421 1129 493 de
1155 421 1199 493 t
1312 421 1364 493 ab
1390 421 1617 493 Catherina
1643 421 1757 493 viuda
1791 421 1835 493 de
1852 421 1957 493 Pere

413 517 542 605 Clasca
574 517 722 605 mestre
743 517 796 605 de
807 517 923 605 cases
955 517 1061 605 mori
1082 517 1114 605 en
1146 517 1231 605 dita
1262 517 1485 605 parrochia

449 606 525 694 Dit
558 606 612 694 dia
633 606 763 694 rebere
785 606 828 694 de
850 606 958 694 Pere
991 606 1218 694 Guardiola
1240 606 1424 694 parayre
1446 606 1478 694 de
1500 606 1642 694 Caldes
1664 606 1718 694 de
1740 606 1924 694 Monbuy
1956 606 2043 694 fill

474 697 511 796 de
535 697 645 796 Pons
682 697 914 796 Guardiola
938 697 1073 796 sastre
1097 697 1280 796 defunct
1305 697 1317 796 y
1353 697 1378 796 de
1402 697 1659 796 Hieronyma
1707 697 1744 796 ab
1769 697 2025 796 Margarida

463 799 576 891 viuda
610 799 645 891 de
679 799 916 891 Hieronym
961 799 1164 891 Ginestos
1186 799 1378 891 parayre
1412 799 1457 891 de
1491 799 1570 891 dita
1604 799 1705 891 vila

446 886 513 977 Dit
547 886 603 977 dia
636 886 771 977 rebere
805 886 838 977 de
861 886 1040 977 Antichs
1074 886 1310 977 Masachs
1332 886 1456 977 pages
1490 886 1534 977 de
1546 886 1703 977 Bigas
1725 886 1815 977 fill
1838 886 1882 977 de
1916 886 2107 977 Miquel

574 982 773 1071 Masachs
796 982 951 1071 texidor
962 982 1006 1071 de
1017 982 1084 1071 lli
1106 982 1117 1071 y
1150 982 1184 1071 de
1195 982 1350 1071 Antiga
1383 982 1550 1071 defuncts
1594 982 1638 1071 ab
1660 982 1860 1071 Elisabeth
1871 982 2048 1071 donsella

506 1066 607 1156 filla
629 1066 662 1156 de
674 1066 830 1156 Miquel
841 1066 953 1156 Deviu
986 1066 1053 1156 alo
1064 1066 1187 1156 Cortes
1209 1066 1321 1156 pages
1354 1066 1388 1156 de
1410 1066 1477 1156 St
1499 1066 1633 1156 Esteva
1667 1066 1745 1156 del
1767 1066 1856 1156 Coll
1879 1066 2024 1156 defuct

444 1162 467 1253 y
501 1162 534 1253 de
557 1162 782 1253 Stephania

436 1227 501 1302 Dit
528 1227 575 1302 dia
612 1227 734 1302 rebere
752 1227 789 1302 de
808 1227 901 1302 Joan
938 1227 1086 1302 Boria
1114 1227 1244 1302 poater
1272 1227 1384 1302 viudo
1421 1227 1467 1302 ab
1495 1227 1625 1302 Clara
1662 1227 1783 1302 viuda
1839 1227 1876 1302 de
1903 1227 1941 1302 t

430 1316 583 1405 Boxer
605 1316 736 1405 pages
769 1316 812 1405 de
834 1316 987 1405 frança
1031 1316 1228 1405 habitant
1261 1316 1294 1405 en
1327 1316 1490 1405 Bara

437 1400 501 1473 Dit
519 1400 574 1473 dia
592 1400 711 1473 rebere
738 1400 775 1473 de
793 1400 966 1473 Hyacinto
985 1400 1140 1473 Sendros
1158 1400 1341 1473 oracioner
1368 1400 1395 1473 de
1414 1400 1450 1473 la
1477 1400 1596 1473 Riera
1614 1400 1678 1473 del
1687 1400 1915 1473 Archebisbat
1924 1400 1979 1473 de

389 1491 631 1574 Tarragona
663 1491 747 1574 fill
768 1491 799 1574 de
810 1491 989 1574 Bernat
1020 1491 1188 1574 Sendros
1210 1491 1315 1574 pages
1346 1491 1367 1574 y
1388 1491 1430 1574 de
1441 1491 1567 1574 Joana
1630 1491 1672 1574 ab
1683 1491 1935 1574 Magdalena
1967 1491 2061 1574 don=

461 1583 552 1674 sella
575 1583 677 1674 filla
700 1583 734 1674 de
757 1583 870 1674 Luys
904 1583 1143 1674 Spadamala
1177 1583 1291 1674 pages
1313 1583 1336 1674 de
1359 1583 1484 1674 Bara
1507 1583 1666 1674 defunct
1688 1583 1700 1674 y
1722 1583 1757 1674 de
1768 1583 1995 1674 Hieronyma

444 1674 508 1761 Dit
530 1674 573 1761 dia
594 1674 723 1761 rebere
755 1674 787 1761 de
808 1674 991 1761 francesch
1023 1674 1151 1761 Llopis
1173 1674 1280 1761 pages
1302 1674 1344 1761 de
1366 1674 1495 1761 Sitges
1516 1674 1602 1761 fill
1623 1674 1666 1761 de
1688 1674 1795 1761 Joan
1827 1674 1966 1761 Llopis

397 1770 527 1866 pages
563 1770 586 1866 y
610 1770 646 1866 de
669 1770 918 1866 Magdalena
978 1770 1025 1866 ab
1050 1770 1204 1866 Maria
1228 1770 1406 1866 donsella
1430 1770 1537 1866 filla
1572 1770 1620 1866 de
1643 1770 1821 1866 Miquel
1845 1770 1952 1866 font

400 1870 516 1965 pages
551 1870 574 1965 y
598 1870 644 1965 de
667 1870 957 1965 Magdalena
1004 1870 1074 1965 tots
1120 1870 1166 1965 de
1201 1870 1294 1965 dita
1341 1870 1468 1965 vila
1515 1870 1561 1965 de
1584 1870 1759 1965 Sitges

439 1966 616 2050 Divendres
648 1966 658 2050 a
700 1966 710 2050 4
773 1966 887 2050 rebere
908 1966 939 2050 de
960 1966 1085 2050 jaume
1116 1966 1272 2050 Auguer
1293 1966 1408 2050 pages
1439 1966 1470 2050 de
1491 1966 1543 2050 St
1564 1966 1741 2050 Marcal
1762 1966 1897 2050 terme
1960 1966 2012 2050 de

436 2055 618 2142 Castellet
640 2055 769 2142 viudo
801 2055 855 2142 ab
876 2055 1091 2142 Catherina
1124 2055 1295 2142 donsella
1338 2055 1435 2142 filla
1467 2055 1500 2142 de
1521 2055 1661 2142 jaume
1682 2055 1929 2142 Marques

418 2151 534 2229 pages
563 2151 601 2229 de
621 2151 775 2229 Pierola
814 2151 842 2229 y
862 2151 900 2229 de
929 2151 1142 2229 Catherina
1190 2151 1363 2229 defuncts

441 2233 491 2309 Dit
521 2233 561 2309 dia
592 2233 702 2309 rebere
733 2233 764 2309 de
784 2233 874 2309 Pere
894 2233 1025 2309 Vafils
1045 2233 1166 2309 sastre
1196 2233 1226 2309 de
1236 2233 1398 2309 Mataro
1418 2233 1498 2309 fill
1518 2233 1549 2309 de
1569 2233 1709 2309 Gabriel
1730 2233 1870 2309 Vahils
1890 2233 1992 2309 sastre
2062 2233 2072 2309 y

444 2324 476 2407 de
498 2324 747 2407 Hieronyma
802 2324 845 2407 ab
867 2324 1031 2407 Eularia
1052 2324 1226 2407 donsella
1258 2324 1367 2407 filla
1388 2324 1421 2407 de
1443 2324 1486 2407 t
1551 2324 1639 2407 Coll
1650 2324 1802 2407 hostaler
1834 2324 1867 2407 de
1878 2324 1986 2407 Mar=

403 2422 517 2501 torell
528 2422 548 2501 y
569 2422 611 2501 de
632 2422 675 2501 t
737 2422 925 2501 defuncta

436 2489 498 2566 Dit
519 2489 580 2566 dia
611 2489 724 2566 rebere
755 2489 796 2566 de
816 2489 1011 2566 francesch
1032 2489 1227 2566 Tremolet
1247 2489 1391 2566 vedrier
1412 2489 1453 2566 de
1475 2489 1649 2566 Mataro
1670 2489 1752 2566 fill
1772 2489 1813 2566 de
1834 2489 1865 2566 t

377 2587 630 2677 Tremolet
654 2587 822 2677 vedrier
858 2587 1027 2677 defunct
1051 2587 1075 2677 y
1111 2587 1147 2677 de
1171 2587 1219 2677 t
1388 2587 1448 2677 ab
1472 2587 1736 2677 Maryanna
1760 2587 1953 2677 donsella

431 2682 545 2777 filla
571 2682 609 2777 de
634 2682 813 2777 Gabriel
826 2682 991 2777 Vafils
1003 2682 1143 2777 sastre
1181 2682 1231 2777 de
1244 2682 1333 2777 dita
1371 2682 1485 2777 vila
1523 2682 1548 2777 y
1586 2682 1624 2777 de
1650 2682 1903 2777 Hieronyma

431 2776 512 2862 Dit
536 2776 594 2862 dia
617 2776 744 2862 rebere
767 2776 802 2862 de
825 2776 1011 2862 Amador
1023 2776 1162 2862 Caseta
1196 2776 1301 2862 pages
1336 2776 1370 2862 de
1382 2776 1602 2862 Ronsana
1626 2776 1718 2862 fill
1741 2776 1776 2862 de
1799 2776 1869 2862 Joa
1892 2776 2031 2862 Caseta

445 2867 561 2953 pages
596 2867 759 2953 defunct
782 2867 806 2953 y
829 2867 864 2953 de
887 2867 1063 2953 Quiteria
1098 2867 1145 2953 ab
1168 2867 1354 2953 Elisabeth
1366 2867 1517 2953 donsella
1541 2867 1634 2953 filla
1657 2867 1692 2953 de
1704 2867 1867 2953 Andreu
1890 2867 2065 2953 Alzina

451 2961 558 3049 pages
593 2961 617 3049 de
629 2961 748 3049 llissa
760 2961 914 3049 demunt
938 2961 961 3049 y
985 2961 1021 3049 de
1045 2961 1199 3049 Paula
1235 2961 1413 3049 defuncta

424 3048 486 3120 Dit
507 3048 558 3120 dia
589 3048 712 3120 rebere
734 3048 765 3120 de
775 3048 868 3120 Pere
899 3048 1043 3120 Canals
1063 3048 1269 3120 marxant
1290 3048 1351 3120 del
1363 3048 1497 3120 Regne
1507 3048 1548 3120 de
1569 3048 1702 3120 frança
1723 3048 1908 3120 habitant
1959 3048 1990 3120 en

400 3129 658 3230 Vilafranca
673 3129 715 3230 de
730 3129 944 3230 Panaders
972 3129 1015 3230 ab
1044 3129 1331 3230 Hieronyma
1345 3129 1531 3230 donsella
1545 3129 1659 3230 filla
1688 3129 1730 3230 de
1745 3129 1916 3230 franch

383 3233 556 3320 Miquel
582 3233 780 3320 caldarer
805 3233 854 3320 de
867 3233 953 3320 dita
990 3233 1101 3320 vila
1151 3233 1176 3320 y
1200 3233 1250 3320 de
1275 3233 1350 3320 t
1449 3233 1647 3320 defuncta
