2690 3794
384 292 592 375 Dimars
624 292 644 375 a
686 292 738 375 22
780 292 884 375 rebere
915 292 936 375 de
956 292 1102 375 March
1133 292 1248 375 Pedro
1268 292 1436 375 parayre
1467 292 1498 375 de
1519 292 1696 375 Castellet
1717 292 1842 375 bisbat
1852 292 1894 375 de
1914 292 1998 375 Vich

444 382 621 465 habitant
653 382 684 465 en
716 382 862 465 Bara
883 382 967 465 fill
988 382 1019 465 de
1040 382 1239 465 Salvador
1260 382 1385 465 Pedro
1406 382 1523 465 pages
1554 382 1700 465 defunct
1732 382 1742 465 y
1774 382 1805 465 de
1826 382 2056 465 Margarida

471 473 507 569 ab
531 473 687 569 Maria
711 473 856 569 dosella
868 473 976 569 filla
1012 473 1048 569 de
1060 473 1205 569 Esteva
1229 473 1361 569 Pujol
1385 473 1494 569 pages
1518 473 1554 569 de
1578 473 1722 569 Estivol
1734 473 1879 569 bisbat
1892 473 1952 569 de

421 584 521 663 Vich
560 584 580 663 y
610 584 659 663 de
689 584 917 663 Catherina
966 584 1145 663 defuncts

414 666 485 759 Dit
499 666 570 759 dia
599 666 712 759 rebere
741 666 783 759 de
798 666 940 759 Joseph
954 666 1082 759 Cases
1110 666 1295 759 parayre
1323 666 1351 759 de
1380 666 1664 759 Sparaguera
1692 666 1791 759 fill
1820 666 1848 759 de
1862 666 1990 759 Sal=

389 756 539 845 vador
552 756 689 845 Cases
716 756 907 845 parayre
948 756 962 845 y
989 756 1016 845 de
1044 756 1264 845 Elisabeth
1291 756 1468 845 defuncta
1509 756 1564 845 ab
1578 756 1796 845 Madrona
1823 756 2001 845 donsella

418 849 529 939 filla
556 849 598 939 de
612 849 708 939 Pere
722 849 902 939 Matheu
929 849 1054 939 pages
1081 849 1123 939 de
1137 849 1220 939 Sta
1233 849 1289 939 fe
1330 849 1358 939 y
1386 849 1413 939 de
1441 849 1620 939 Eularia
1662 849 1855 939 defuncts

400 948 576 1029 Dimecres
609 948 631 1029 a
664 948 709 1029 23
742 948 852 1029 rebere
874 948 907 1029 de
918 948 995 1029 Pau
1017 948 1161 1029 March
1172 948 1337 1029 samoler
1359 948 1392 1029 de
1403 948 1635 1029 Granollers
1646 948 1767 1029 viudo
1789 948 1833 1029 ab
1844 948 1965 1029 Mag=

330 1039 472 1126 Dalena
497 1039 675 1126 donsella
699 1039 806 1126 filla
841 1039 877 1126 de
901 1039 1079 1126 Bernat
1102 1039 1269 1126 Palegri
1280 1039 1375 1126 nots
1399 1039 1435 1126 de
1446 1039 1672 1126 Granollers
1696 1039 1719 1126 y
1743 1039 1779 1126 de
1802 1039 1957 1126 Mar=

365 1148 527 1247 garida
580 1148 782 1247 defuncts

406 1212 486 1291 Dit
508 1212 565 1291 dia
599 1212 725 1291 rebere
747 1212 782 1291 de
804 1212 1011 1291 Salvador
1045 1212 1295 1291 Monmany
1318 1212 1443 1291 pages
1466 1212 1500 1291 de
1523 1212 1693 1291 Corbera
1716 1212 1796 1291 fill
1819 1212 1853 1291 de
1875 1212 1978 1291 Joan

482 1304 688 1393 Monmany
713 1304 828 1393 pages
854 1304 1007 1393 defunct
1032 1304 1045 1393 y
1071 1304 1109 1393 de
1122 1304 1275 1393 Antiga
1301 1304 1352 1393 ab
1364 1304 1505 1393 Eleonor
1518 1304 1684 1393 donsella
1697 1304 1800 1393 filla
1826 1304 1864 1393 de

324 1401 438 1490 Joan
464 1401 655 1490 Tovella
680 1401 808 1490 pages
833 1401 872 1490 de
897 1401 948 1490 St
961 1401 1114 1490 Esteva
1139 1401 1178 1490 de
1190 1401 1434 1490 Carrovires
1485 1401 1498 1490 y
1523 1401 1562 1490 de
1587 1401 1766 1490 Eleonor
1791 1401 1970 1490 defuncts

406 1503 478 1591 Dit
489 1503 549 1591 dia
584 1503 703 1591 rebere
738 1503 776 1591 de
787 1503 906 1591 Diego
918 1503 1036 1591 Maso
1048 1503 1179 1591 pages
1202 1503 1238 1591 de
1250 1503 1392 1591 Sitges
1416 1503 1511 1591 fill
1524 1503 1560 1591 de
1572 1503 1785 1591 francesch
1809 1503 1939 1591 Mago

338 1595 428 1690 pa=
467 1595 544 1690 ges
570 1595 583 1690 y
608 1595 647 1690 de
660 1595 829 1690 Angela
880 1595 919 1690 ab
932 1595 1112 1690 Eularia
1125 1595 1319 1690 donsella
1344 1595 1460 1690 filla
1486 1595 1526 1690 de
1539 1595 1694 1690 Gaspar
1707 1595 1887 1690 Aravig
1900 1595 2016 1690 pages

434 1712 456 1792 y
489 1712 521 1792 de
543 1712 575 1792 t
653 1712 729 1792 tots
762 1712 794 1792 de
816 1712 957 1792 Sitges

411 1782 475 1873 Dit
500 1782 564 1873 dia
590 1782 730 1873 rebere
755 1782 794 1873 de
806 1782 934 1873 Juan
972 1782 1125 1873 Isarta
1178 1782 1306 1873 pages
1331 1782 1395 1873 del
1408 1782 1535 1873 regne
1548 1782 1599 1873 de
1612 1782 1765 1873 frana
1790 1782 2007 1873 habitant

484 1879 518 1960 en
541 1879 690 1960 Bara
725 1879 770 1960 ab
782 1879 942 1960 Maria
977 1879 1104 1960 viuda
1150 1879 1207 1960 de
1219 1879 1265 1960 t
1356 1879 1505 1960 Marti
1517 1879 1643 1960 porter

418 1969 538 2054 Dijous
562 1969 585 2054 a
621 1969 669 2054 24
717 1969 836 2054 rebere
860 1969 896 2054 de
920 1969 1087 2054 Miquel
1122 1969 1218 2054 font
1230 1969 1397 2054 cuberta
1433 1969 1564 2054 pages
1589 1969 1625 2054 de
1637 1969 1804 2054 Gallisa
1828 1969 1923 2054 fill
1947 1969 1995 2054 de

488 2059 660 2153 Miquel
686 2059 779 2153 font
792 2059 951 2153 cuberta
978 2059 1110 2153 pages
1137 2059 1150 2153 y
1190 2059 1229 2153 de
1256 2059 1309 2153 t
1428 2059 1468 2153 ab
1494 2059 1759 2153 Magdalena
1773 2059 1958 2153 donsella
1971 2059 2077 2153 filla

499 2152 535 2238 de
559 2152 742 2238 Amador
779 2152 987 2238 Margarit
1012 2152 1121 2238 pages
1158 2152 1194 2238 de
1207 2152 1280 2238 St
1292 2152 1438 2238 Vicens
1450 2152 1499 2238 de
1511 2152 1657 2238 Riells
1682 2152 1694 2238 y
1718 2152 1755 2238 de
1767 2152 1937 2238 Antonia
1962 2152 2096 2238 defucts

428 2254 482 2334 Dit
504 2254 558 2334 dia
591 2254 710 2334 rebere
732 2254 765 2334 de
787 2254 972 2334 francesch
1004 2254 1157 2334 Naltet
1168 2254 1309 2334 ferrer
1331 2254 1385 2334 del
1407 2254 1516 2334 regne
1538 2254 1581 2334 de
1603 2254 1744 2334 frana
1777 2254 1984 2334 habitant

457 2345 493 2433 en
504 2345 552 2433 la
576 2345 753 2433 Garriga
787 2345 823 2433 ab
847 2345 977 2433 Joana
989 2345 1167 2433 donsella
1190 2345 1297 2433 filla
1333 2345 1368 2433 de
1404 2345 1416 2433 e
1439 2345 1546 2433 Pere
1570 2345 1653 2433 Pau
1676 2345 1842 2433 Queralt
1854 2345 1973 2433 bover

420 2446 542 2535 pages
567 2446 603 2535 de
628 2446 677 2535 la
701 2446 872 2535 Garriga
908 2446 1067 2535 defunct
1091 2446 1103 2535 y
1128 2446 1164 2535 de
1189 2446 1238 2535 t

429 2530 613 2611 Divendres
645 2530 666 2611 a
699 2530 753 2611 25
796 2530 914 2611 rebere
936 2530 968 2611 de
990 2530 1140 2611 Antoni
1162 2530 1313 2611 Brosta
1334 2530 1443 2611 pages
1465 2530 1497 2611 de
1519 2530 1648 2611 Sitges
1670 2530 1745 2611 fill
1767 2530 1799 2611 de
1821 2530 1982 2611 Antoni

381 2617 546 2721 Brosta
559 2617 683 2721 pages
724 2617 738 2721 y
766 2617 793 2721 de
821 2617 1041 2721 Elisabeth
1082 2617 1275 2721 defuncts
1302 2617 1357 2721 ab
1371 2617 1660 2721 Mariangela
1687 2617 1880 2721 donsella
1894 2617 2017 2721 filla

448 2720 484 2810 de
508 2720 666 2810 Gaspar
690 2720 846 2810 Balle
870 2720 1050 2810 mariner
1087 2720 1099 2810 y
1123 2720 1159 2810 de
1183 2720 1387 2810 Elisabeth
1423 2720 1495 2810 tots
1519 2720 1555 2810 de
1579 2720 1712 2810 Sitges

423 2818 495 2907 Dit
518 2818 566 2907 dia
601 2818 708 2907 rebere
732 2818 767 2907 de
791 2818 888 2907 Joan
911 2818 1054 2907 ferres
1077 2818 1243 2907 parayre
1267 2818 1303 2907 de
1326 2818 1516 2907 Terrassa
1540 2818 1624 2907 fill
1648 2818 1684 2907 de
1696 2818 1838 2907 Antich
1862 2818 2004 2907 ferres

459 2904 595 2989 ferrer
618 2904 641 2989 y
675 2904 709 2989 de
732 2904 881 2989 Elienor
915 2904 961 2989 ab
984 2904 1222 2989 Hieronyma
1234 2904 1405 2989 donsella
1427 2904 1531 2989 filla
1554 2904 1588 2989 de
1599 2904 1702 2989 Pere
1725 2904 1884 2989 Llunell
1907 2904 1963 2989 als

413 2996 547 3080 Canut
581 2996 694 3080 pages
739 2996 784 3080 de
806 2996 862 3080 St
873 2996 985 3080 Cugat
1007 2996 1052 3080 de
1075 2996 1220 3080 Vallers
1254 2996 1434 3080 defunct
1468 2996 1490 3080 y
1513 2996 1557 3080 de
1591 2996 1759 3080 Beneta

440 3086 506 3186 Dit
532 3086 598 3186 dia
625 3086 757 3186 rebere
783 3086 810 3186 de
838 3086 944 3186 Pere
970 3086 1102 3186 Magi
1116 3086 1235 3186 Puig
1248 3086 1380 3186 pages
1420 3086 1460 3186 de
1473 3086 1646 3186 Arenys
1660 3086 1805 3186 bisbat
1818 3086 1871 3186 de
1884 3086 2043 3186 Girona

471 3192 565 3280 fill
600 3192 635 3280 de
659 3192 706 3280 t
789 3192 801 3280 y
836 3192 895 3280 t
977 3192 1036 3280 ab
1059 3192 1223 3280 Maria
1258 3192 1434 3280 donsella
1470 3192 1588 3280 filla
1635 3192 1670 3280 de
1694 3192 1729 3280 t
1799 3192 1928 3280 Vehil
1940 3192 2069 3280 pages

476 3288 511 3376 de
535 3288 725 3376 Vilassar
760 3288 784 3376 y
807 3288 843 3376 de
866 3288 925 3376 t
