2690 3794
374 291 549 374 Dilluns
580 291 601 374 a
632 291 673 374 14
724 291 848 374 rebere
880 291 910 374 de
931 291 1106 374 Miquel
1126 291 1342 374 Busquets
1363 291 1517 374 texidor
1538 291 1579 374 de
1599 291 1661 374 lli
1682 291 1733 374 del
1754 291 1877 374 regne
1898 291 1940 374 de
1961 291 2063 374 fraça

442 381 639 464 habitant
660 381 701 464 en
722 381 847 464 Bara
878 381 919 464 ab
940 381 1137 464 francisca
1168 381 1272 464 viuda
1324 381 1356 464 de
1377 381 1439 464 t
1501 381 1678 464 Befara
1709 381 1833 464 sastre

392 474 451 550 Dit
470 474 529 550 dia
558 474 685 550 rebere
705 474 744 550 de
763 474 911 550 Antoni
930 474 1125 550 Vilanova
1155 474 1320 550 traginer
1340 474 1399 550 del
1408 474 1525 550 regne
1545 474 1584 550 de
1605 474 1751 550 frança
1780 474 1946 550 habitat

387 557 420 642 en
431 557 485 642 la
507 557 660 642 Rocha
726 557 770 642 ab
802 557 1000 642 Elisabeth
1033 557 1208 642 donsella
1252 557 1350 642 filla
1383 557 1427 642 de
1449 557 1634 642 Matheu
1678 557 1822 642 Bosch
1854 557 2029 642 moliner

492 658 533 738 de
563 658 697 738 farina
728 658 769 738 de
789 658 974 738 Barbera
1015 658 1035 738 y
1056 658 1098 738 de
1108 658 1303 738 Valentina
1334 658 1488 738 defuncta

399 737 469 816 Dit
493 737 540 816 dia
575 737 693 816 rebere
716 737 751 816 de
763 737 904 816 jaume
928 737 1139 816 Raventos
1151 737 1315 816 sabater
1339 737 1374 816 de
1398 737 1515 816 Bara
1539 737 1609 816 fill
1633 737 1668 816 de
1691 737 1879 816 Thomas

335 825 559 920 Raventos
588 825 616 920 y
644 825 672 920 de
686 825 884 920 Antonia
912 825 1095 920 defuncts
1123 825 1165 920 ab
1193 825 1432 920 Margarida
1460 825 1642 920 donsella
1656 825 1769 920 filla
1797 825 1839 920 de
1853 825 1923 920 Joa

343 934 497 1029 Camps
512 934 638 1029 pages
680 934 722 1029 de
736 934 905 1029 Bara
919 934 1087 1029 defunct
1115 934 1129 1029 y
1157 934 1185 1029 de
1199 934 1340 1029 Joana

394 1018 478 1112 Dit
506 1018 561 1112 dia
589 1018 729 1112 rebere
757 1018 785 1112 de
813 1018 911 1112 Joan
939 1018 1119 1112 Miquel
1133 1018 1189 1112 de
1203 1018 1287 1112 Las
1315 1018 1468 1112 planes
1482 1018 1608 1112 pages
1650 1018 1678 1112 de
1692 1018 1860 1112 Gelida
1874 1018 2013 1112 viudo

470 1118 510 1206 ab
523 1118 721 1206 Catherina
734 1118 880 1206 dosella
893 1118 1000 1206 filla
1026 1118 1066 1206 de
1079 1118 1185 1206 Pere
1199 1118 1305 1206 Oller
1318 1118 1438 1206 pages
1464 1118 1504 1206 de
1517 1118 1663 1206 Gelida
1690 1118 1715 1206 y
1728 1118 1768 1206 de
1794 1118 1927 1206 Catn=

348 1249 583 1342 defuncta

404 1301 598 1379 Divendres
630 1301 652 1379 a
684 1301 717 1379 18
771 1301 879 1379 rebere
901 1301 944 1379 de
965 1301 1138 1379 Bernat
1161 1301 1280 1379 Lledo
1291 1301 1464 1379 parayre
1485 1301 1518 1379 de
1539 1301 1593 1379 St
1604 1301 1744 1379 Celoni
1755 1301 1842 1379 fill
1863 1301 1906 1379 de
1917 1301 2015 1379 Mi=

403 1395 501 1483 quel
513 1395 624 1483 Lledo
636 1395 831 1483 parayre
868 1395 880 1483 y
917 1395 954 1483 de
978 1395 1212 1483 Catherina
1249 1395 1286 1483 ab
1310 1395 1506 1483 Susanna
1518 1395 1665 1483 dosella
1689 1395 1799 1483 filla
1812 1395 1861 1483 de
1873 1395 1958 1483 An=

375 1488 467 1583 tich
481 1488 692 1583 fogueres
718 1488 745 1583 y
758 1488 930 1583 Pujalts
943 1488 1155 1583 negociant
1181 1488 1207 1583 de
1234 1488 1423 1583 Arbustie
1423 1488 1447 1583 s
1460 1488 1579 1583 bisbat
1606 1488 1645 1583 de
1658 1488 1830 1583 Gerona
1857 1488 1870 1583 y
1896 1488 1949 1583 de

383 1610 676 1716 Magdalena

414 1668 487 1742 Dit
507 1668 559 1742 dia
590 1668 714 1742 rebere
735 1668 766 1742 de
787 1668 880 1742 Joan
911 1668 1087 1742 Thomas
1118 1668 1284 1742 moliner
1304 1668 1335 1742 de
1346 1668 1491 1742 frança
1511 1668 1698 1742 habitant
1718 1668 1749 1742 en
1780 1668 1967 1742 Servells

433 1758 472 1850 ab
485 1758 677 1850 Elisabeth
702 1758 869 1850 donsella
894 1758 997 1850 filla
1022 1758 1061 1850 de
1074 1758 1240 1850 Antoni
1253 1758 1394 1850 ferrer
1407 1758 1535 1850 mestre
1547 1758 1599 1850 de
1612 1758 1727 1850 cases
1752 1758 1919 1850 defunct
1944 1758 1957 1850 y

410 1868 453 1970 de
467 1868 681 1970 Elisabeth

428 1932 495 2027 Dit
522 1932 576 2027 dia
603 1932 737 2027 rebere
764 1932 804 2027 de
818 1932 1034 2027 francesch
1061 1932 1209 2027 Gorchs
1223 1932 1411 2027 parayre
1437 1932 1478 2027 de
1505 1932 1720 2027 Terrassa
1733 1932 1814 2027 fill
1841 1932 1881 2027 de
1935 1932 2002 2027 aan

448 2026 597 2112 Gorchs
621 2026 756 2112 pages
781 2026 940 2112 defunct
965 2026 990 2112 y
1014 2026 1051 2112 de
1075 2026 1309 2112 Catherina
1358 2026 1407 2112 ab
1431 2026 1605 2112 Maria
1617 2026 1813 2112 donsella
1838 2026 1948 2112 filla
1973 2026 2022 2112 de

479 2122 646 2212 Bernat
672 2122 826 2212 Balles
839 2122 955 2212 pages
980 2122 1006 2212 de
1019 2122 1136 2212 Mata
1149 2122 1200 2212 de
1200 2122 1303 2212 pera
1342 2122 1354 2212 y
1393 2122 1419 2212 de
1444 2122 1611 2212 Eularia

432 2220 600 2310 Dissapte
624 2220 649 2310 a
685 2220 721 2310 19
769 2220 890 2310 rebere
914 2220 950 2310 de
974 2220 1131 2310 Antoni
1155 2220 1324 2310 Garossa
1348 2220 1468 2310 pages
1480 2220 1685 2310 habitant
1709 2220 1746 2310 en
1758 2220 1892 2310 Bara
1904 2220 2024 2310 viudo

429 2325 467 2419 ab
492 2325 696 2419 Miquela
722 2325 849 2419 viuda
900 2325 938 2419 de
976 2325 1027 2419 t
1167 2325 1307 2419 pages
1333 2325 1371 2419 de
1384 2325 1562 2419 Bara

433 2417 494 2506 Dit
519 2417 580 2506 dia
604 2417 726 2506 rebere
751 2417 788 2506 de
800 2417 1008 2506 francesch
1020 2417 1252 2506 Margarit
1277 2417 1485 2506 tavarner
1521 2417 1558 2506 de
1570 2417 1719 2506 Palau
1743 2417 1890 2506 solitat

348 2513 558 2609 habitant
597 2513 637 2609 en
650 2513 821 2609 Bara
847 2513 926 2609 fill
952 2513 991 2609 de
1018 2513 1201 2609 Gabriel
1228 2513 1464 2609 Margarir
1477 2513 1635 2609 corder
1674 2513 1687 2609 y
1714 2513 1753 2609 de
1779 2513 1937 2609 Paula

431 2612 627 2714 defuncts
656 2612 698 2714 ab
726 2612 866 2714 Joana
880 2612 1049 2714 dosella
1077 2612 1189 2714 filla
1217 2612 1260 2714 de
1274 2612 1444 2714 Arnau
1472 2612 1613 2714 Abat
1627 2612 1753 2714 pages
1795 2612 1837 2714 de
1851 2612 2020 2714 Clarer

435 2718 573 2810 bisbat
586 2718 636 2810 de
649 2718 800 2810 Urgell
825 2718 838 2810 y
863 2718 900 2810 de
926 2718 1089 2810 Coloma

420 2795 491 2882 Dit
515 2795 574 2882 dia
598 2795 729 2882 rebere
752 2795 788 2882 de
811 2795 988 2882 Miquel
1023 2795 1166 2882 Badia
1201 2795 1379 2882 traginer
1414 2795 1462 2882 de
1474 2795 1628 2882 Bara
1640 2795 1758 2882 viudo
1794 2795 1841 2882 ab
1853 2795 1948 2882 Se=

387 2883 576 2982 bastiana
615 2883 804 2982 donsella
831 2883 939 2982 filla
979 2883 1020 2982 de
1033 2883 1222 2982 Miquel
1249 2883 1411 2982 Mercet
1424 2883 1559 2982 pages
1586 2883 1627 2982 de
1640 2883 1708 2982 St
1721 2883 1897 2982 Llorens

404 2994 559 3075 çavall
581 2994 615 3075 y
637 2994 681 3075 de
703 2994 836 3075 Joana

421 3060 501 3137 Dit
524 3060 580 3137 dia
603 3060 716 3137 rebere
739 3060 773 3137 de
785 3060 945 3137 Matheu
956 3060 1092 3137 Calopa
1115 3060 1217 3137 pages
1240 3060 1274 3137 de
1285 3060 1331 3137 St
1353 3060 1467 3137 Vicens
1490 3060 1524 3137 de
1535 3060 1671 3137 Sarria
1694 3060 1773 3137 fill
1785 3060 1830 3137 de
1864 3060 2092 3137 Barthomeu

528 3147 655 3232 Calopa
680 3147 693 3232 y
718 3147 756 3232 de
768 3147 946 3232 fracina
983 3147 1148 3232 defuncts
1186 3147 1224 3232 ab
1236 3147 1464 3232 Marianna
1477 3147 1655 3232 donsella
1681 3147 1782 3232 filla
1795 3147 1845 3232 de
1883 3147 2085 3232 Matheu

512 3241 658 3323 Balle
682 3241 816 3323 pages
840 3241 876 3323 de
901 3241 1144 3323 Argentona
1194 3241 1351 3323 defunct
1376 3241 1400 3323 y
1424 3241 1473 3323 de
1497 3241 1691 3323 Eularia
