2690 3794
402 346 629 448 Divendres
660 346 690 448 al
720 346 766 448 pr
798 346 904 448 rebere
934 346 964 448 de
979 346 1131 448 Gabiel
1146 346 1267 448 Dorda
1282 346 1448 448 parayre
1479 346 1509 448 de
1524 346 1675 448 Castl
1691 346 1783 448 ergol
1798 346 1946 448 bisbat
1946 346 1995 448 de

397 462 498 548 Vich
523 462 599 548 fill
625 462 662 548 de
675 462 776 548 Pere
789 462 917 548 Dorda
942 462 1107 548 parayre
1132 462 1145 548 y
1170 462 1208 548 de
1220 462 1473 548 Magdalena
1511 462 1549 548 ab
1574 462 1804 548 Magdalena
1829 462 1993 548 donsella

391 553 493 639 filla
519 553 557 639 de
570 553 736 639 Andreu
762 553 891 639 Tura
904 553 1057 639 sastre
1083 553 1121 639 de
1134 553 1185 639 St
1198 553 1313 639 feliu
1326 553 1377 639 de
1390 553 1544 639 Codines
1569 553 1596 639 y
1622 553 1660 639 de
1686 553 1929 639 Margarida

396 639 476 719 Dit
499 639 556 719 dia
590 639 716 719 rebere
739 639 774 719 de
796 639 911 719 Pere
934 639 1083 719 Antich
1106 639 1232 719 pages
1266 639 1300 719 de
1325 639 1542 719 Vallcarcara
1588 639 1668 719 fill
1691 639 1726 719 de
1749 639 1852 719 Pere
1863 639 2024 719 Antich

469 734 583 821 pages
609 734 761 821 defunct
786 734 811 821 y
837 734 862 821 de
887 734 1065 821 Antonia
1103 734 1141 821 ab
1166 734 1318 821 Angela
1344 734 1458 821 viuda
1483 734 1521 821 de
1546 734 1713 821 Henrich
1738 734 1827 821 Vila
1839 734 1953 821 pages
2017 734 2055 821 de

413 842 729 938 Tagamanent
757 842 909 938 bisbat
922 842 978 938 de
991 842 1102 938 Vich

393 914 464 1015 Dit
479 914 536 1015 dia
564 914 693 1015 rebere
707 914 750 1015 de
764 914 949 1015 Bernat
963 914 1120 1015 Bassa
1135 914 1263 1015 pages
1291 914 1320 1015 de
1334 914 1519 1015 Vilassar
1534 914 1634 1015 fill
1648 914 1676 1015 de
1691 914 1847 1015 jaume
1862 914 2018 1015 Bassa

409 1016 529 1110 pages
570 1016 583 1110 y
610 1016 636 1110 de
650 1016 810 1110 Eleonor
837 1016 1011 1110 defuncta
1049 1016 1089 1110 ab
1103 1016 1250 1110 Maria
1263 1016 1437 1110 donsella
1464 1016 1571 1110 filla
1597 1016 1637 1110 de
1664 1016 1838 1110 Bernat
1851 1016 1998 1110 Agell

375 1124 503 1214 pages
528 1124 554 1214 y
579 1124 617 1214 de
643 1124 872 1214 Catherina
911 1124 1114 1214 defuncta
1140 1124 1216 1214 tots
1255 1124 1293 1214 de
1306 1124 1484 1214 Vilassar

406 1208 483 1293 Dit
495 1208 560 1293 dia
585 1208 701 1293 rebere
726 1208 765 1293 de
777 1208 906 1293 Arnau
931 1208 1084 1293 Tolosa
1109 1208 1225 1293 pages
1250 1208 1289 1293 del
1301 1208 1404 1293 regne
1417 1208 1455 1293 de
1468 1208 1609 1293 frança
1622 1208 1801 1293 habitant
1827 1208 1865 1293 en
1878 1208 1930 1293 Sa
1968 1208 2107 1293 hadell

500 1307 538 1391 ab
563 1307 764 1391 Antonia
776 1307 915 1391 viuda
952 1307 990 1391 de
1015 1307 1116 1391 Joan
1141 1307 1354 1391 Tristany
1379 1307 1516 1391 mestre
1541 1307 1591 1391 de
1604 1307 1730 1391 cases
1755 1307 1805 1391 de
1818 1307 1918 1391 dita
1931 1307 2031 1391 vila

402 1404 468 1502 Dit
494 1404 560 1502 dia
599 1404 730 1502 rebere
756 1404 796 1502 de
822 1404 1006 1502 Miquel
1019 1404 1124 1502 Joan
1150 1404 1386 1502 Massana
1399 1404 1583 1502 botiguer
1609 1404 1648 1502 de
1661 1404 1792 1502 telas
1819 1404 1858 1502 de
1884 1404 2055 1502 Bara

472 1506 564 1603 fill
591 1506 630 1603 de
643 1506 814 1603 Miquel
840 1506 1050 1603 Massana
1063 1506 1236 1603 botiguer
1249 1506 1301 1603 de
1314 1506 1433 1603 telas
1459 1506 1485 1603 y
1512 1506 1551 1603 de
1577 1506 1709 1603 Isabel
1761 1506 1800 1603 ab
1814 1506 1971 1603 Maria
1984 1506 2076 1603 do=

446 1607 565 1695 sella
577 1607 684 1695 filla
707 1607 743 1695 de
755 1607 921 1695 Antoni
933 1607 1063 1695 favar
1087 1607 1241 1695 mercer
1265 1607 1313 1695 de
1325 1607 1443 1695 Bara
1467 1607 1491 1695 y
1514 1607 1562 1695 de
1597 1607 1847 1695 Maryanna

420 1702 484 1794 Dit
510 1702 574 1794 dia
599 1702 727 1794 rebere
753 1702 791 1794 de
816 1702 919 1794 Joan
957 1702 1162 1794 Noguera
1200 1702 1328 1794 pages
1354 1702 1392 1794 de
1405 1702 1558 1794 Ebrera
1584 1702 1673 1794 fill
1699 1702 1737 1794 de
1750 1702 1916 1794 Antoni
1929 1702 2057 1794 No=

469 1802 592 1902 quera
620 1802 743 1902 pages
771 1802 785 1902 y
812 1802 853 1902 de
867 1802 1085 1902 Elisabeth
1126 1802 1305 1902 defuncts
1332 1802 1387 1902 ab
1414 1802 1675 1902 Magdalena
1689 1802 1881 1902 donsella
1909 1802 2019 1902 filla

472 1904 511 1999 de
525 1904 591 1999 Joa
617 1904 789 1999 Galcera
815 1904 934 1999 pages
961 1904 1000 1999 de
1014 1904 1067 1999 St
1080 1904 1225 1999 Esteva
1265 1904 1490 1999 Carovires
1516 1904 1542 1999 y
1569 1904 1609 1999 de
1622 1904 1675 1999 t

431 1995 488 2077 Dit
499 1995 556 2077 dia
579 1995 692 2077 rebere
715 1995 749 2077 de
760 1995 953 2077 francesch
976 1995 1078 2077 Villa
1089 1995 1260 2077 baxador
1282 1995 1316 2077 de
1339 1995 1522 2077 Terrassa
1545 1995 1624 2077 fill
1635 1995 1670 2077 de
1681 1995 1817 2077 Gracia
1828 1995 1942 2077 Villa
1953 1995 2021 2077 ba=

428 2086 551 2166 xador
585 2086 608 2166 y
630 2086 664 2166 de
686 2086 855 2166 francina
889 2086 1057 2166 defuncta
1091 2086 1136 2166 ab
1147 2086 1305 2166 Maria
1327 2086 1484 2166 donsella
1507 2086 1597 2166 filla
1619 2086 1664 2166 de
1676 2086 1834 2166 Valenti
1857 2086 1980 2166 Viner

412 2184 543 2270 sastre
579 2184 591 2270 y
627 2184 663 2270 de
687 2184 842 2270 Maria
866 2184 938 2270 tots
962 2184 998 2270 de
1021 2184 1225 2270 Terrassa

418 2259 569 2346 Dissapte
594 2259 607 2346 a
645 2259 657 2346 2
695 2259 796 2346 rebere
822 2259 847 2346 de
860 2259 986 2346 Esteva
999 2259 1112 2346 Miro
1124 2259 1288 2346 parayre
1313 2259 1351 2346 de
1364 2259 1414 2346 la
1426 2259 1590 2346 Bisbal
1603 2259 1730 2346 bisbat
1743 2259 1780 2346 de
1806 2259 1957 2346 Gerona

354 2359 448 2441 fill
472 2359 496 2441 de
519 2359 614 2441 Joan
637 2359 767 2441 Miro
779 2359 946 2441 parayre
969 2359 993 2441 y
1016 2359 1052 2441 de
1064 2359 1288 2441 Catherina
1323 2359 1489 2441 defuncts
1512 2359 1559 2441 ab
1571 2359 1797 2441 Mathiana
1821 2359 1903 2441 do=
1939 2359 2045 2441 sella

439 2450 553 2538 filla
578 2450 616 2538 de
641 2450 795 2538 jaume
820 2450 959 2538 Gaull
984 2450 1098 2538 pages
1136 2450 1162 2538 de
1187 2450 1440 2538 Montornes
1465 2450 1490 2538 y
1503 2450 1554 2538 de
1566 2450 1821 2538 Salvadora
1859 2450 2023 2538 defucts

428 2549 495 2645 Dit
522 2549 576 2645 dia
603 2549 725 2645 rebere
752 2549 794 2645 de
807 2549 915 2645 Luys
929 2549 1091 2645 Gerona
1118 2549 1239 2645 pages
1266 2549 1293 2645 de
1307 2549 1455 2645 Sitges
1469 2549 1565 2645 fill
1579 2549 1606 2645 de
1619 2549 1768 2645 Benet
1781 2549 1943 2645 Gerona

370 2648 495 2747 pages
522 2648 550 2747 y
577 2648 620 2747 de
648 2648 814 2747 Angela
855 2648 1062 2747 defuncts
1104 2648 1145 2747 ab
1159 2648 1340 2747 Eularia
1354 2648 1533 2747 donsella
1561 2648 1671 2747 filla
1685 2648 1726 2747 de
1740 2648 1975 2747 francesch

425 2760 579 2838 Sariol
601 2760 721 2838 pages
743 2760 787 2838 de
809 2760 972 2838 Olivella
1005 2760 1039 2838 y
1061 2760 1105 2838 de
1127 2760 1290 2838 Eularia

422 2844 497 2934 Dit
523 2844 586 2934 dia
611 2844 736 2934 rebere
762 2844 799 2934 de
825 2844 925 2934 Joan
963 2844 1152 2934 Braudo
1164 2844 1403 2934 treballador
1441 2844 1491 2934 del
1504 2844 1655 2934 Regne
1668 2844 1718 2934 de
1743 2844 1894 2934 frança
1907 2844 2058 2934 habi=

435 2947 530 3031 tant
566 2947 601 3031 en
613 2947 861 3031 Vilafransa
885 2947 932 3031 de
956 2947 1170 3031 Panaders
1205 2947 1253 3031 ab
1265 2947 1514 3031 Sebastiana
1549 2947 1680 3031 viuda
1728 2947 1775 3031 de
1811 2947 1846 3031 t
1894 2947 2036 3031 Vellat

413 3049 627 3128 treballador
672 3049 728 3128 del
751 3049 863 3128 regne
886 3049 931 3128 de
953 3049 1089 3128 frança

420 3120 500 3211 Dit
527 3120 594 3211 dia
620 3120 754 3211 rebere
780 3120 807 3211 de
820 3120 927 3211 Joan
941 3120 1179 3211 Sorinyana
1206 3120 1313 3211 jove
1326 3120 1473 3211 mestre
1486 3120 1526 3211 de
1539 3120 1646 3211 cases
1673 3120 1726 3211 del
1740 3120 1846 3211 regne
1860 3120 1913 3211 de
1926 3120 2046 3211 fraça

426 3208 586 3307 habitat
615 3208 644 3307 en
658 3208 789 3307 Bara
804 3208 847 3307 ab
862 3208 1036 3307 Antonia
1048 3208 1179 3307 viuda
1208 3208 1237 3307 de
1251 3208 1396 3307 jaume
1411 3208 1556 3307 Rager
1585 3208 1614 3307 de
1628 3208 1802 3307 Bara
