2690 3794
371 305 573 392 Dimecres
597 305 621 392 a
644 305 692 392 31
728 305 870 392 rebere
896 305 943 392 de
967 305 1145 392 Bernat
1169 305 1288 392 Asca
1323 305 1454 392 pages
1490 305 1549 392 del
1561 305 1680 392 regne
1704 305 1751 392 de
1775 305 1929 392 frança

405 397 618 478 habitant
652 397 696 478 en
719 397 875 478 Bara
897 397 1020 478 viudo
1053 397 1098 478 ab
1120 397 1276 478 Maria
1299 397 1490 478 donsella
1523 397 1624 478 filla
1646 397 1679 478 de
1702 397 1791 478 Jua
1813 397 1925 478 Sta=

329 495 454 587 Della
479 495 629 587 fuster
654 495 691 587 de
716 495 879 587 Bara
904 495 1093 587 defunct
1118 495 1143 587 y
1168 495 1205 587 de
1243 495 1505 587 Margarida

382 580 459 667 Dit
485 580 549 667 dia
575 580 717 667 rebere
742 580 781 667 de
794 580 974 667 Antoni
987 580 1103 667 Bot
1116 580 1260 667 ferrer
1285 580 1324 667 de
1337 580 1479 667 Arus
1504 580 1646 667 bisbat
1659 580 1711 667 de
1736 580 1891 667 Gerona
1917 580 2007 667 ha=

399 673 522 757 bitant
547 673 584 757 en
609 673 757 757 Bara
770 673 893 757 viudo
930 673 980 757 ab
992 673 1165 757 Beneta
1202 673 1327 757 viuda
1365 673 1402 757 de
1426 673 1476 757 t
1538 673 1674 757 Pujol
1686 673 1797 757 pages
1822 673 1847 757 de
1859 673 2020 757 Maseny

373 773 451 854 Dit
474 773 530 854 dia
575 773 720 854 rebere
743 773 787 854 de
810 773 898 854 Pau
943 773 1044 854 Guli
1066 773 1189 854 pages
1212 773 1257 854 de
1279 773 1425 854 Tiana
1447 773 1570 854 viudo
1593 773 1637 854 ab
1660 773 1793 854 Paula
1826 773 1961 854 viuda

390 879 414 966 de
438 879 582 966 jaume
629 879 809 966 Tolrra
845 879 977 966 pages
1013 879 1049 966 de
1061 879 1119 966 La
1131 879 1299 966 matexa
1334 879 1538 966 parrochia

395 964 455 1053 Dit
479 964 540 1053 dia
576 964 709 1053 rebere
734 964 770 1053 de
794 964 1000 1053 francesch
1036 964 1195 1053 Vinyes
1207 964 1437 1053 ataconador
1473 964 1510 1053 de
1522 964 1667 1053 Baga
1691 964 1824 1053 bisbat
1836 964 1885 1053 de
1897 964 1994 1053 Ur=

384 1065 467 1153 gell
479 1065 681 1153 habitant
705 1065 752 1153 en
776 1065 930 1153 Bara
942 1065 1037 1153 fill
1061 1065 1097 1153 de
1108 1065 1193 1153 Joa
1241 1065 1395 1153 Vinyes
1419 1065 1656 1153 ataconador
1692 1065 1704 1153 y
1727 1065 1763 1153 de
1787 1065 1965 1153 Mar=

337 1164 474 1256 garida
524 1164 724 1256 defuncts
761 1164 811 1256 ab
836 1164 1011 1256 Maria
1036 1164 1213 1256 donsella
1250 1164 1350 1256 filla
1387 1164 1412 1256 de
1437 1164 1575 1256 Joseph
1612 1164 1737 1256 Prats
1762 1164 1937 1256 parayre
1999 1164 2049 1256 de

377 1257 453 1350 St
478 1257 603 1350 feliu
641 1257 829 1350 Cacerra
866 1257 1017 1350 bisbat
1054 1257 1092 1350 de
1117 1257 1142 1350 #
1269 1257 1369 1350 Vich
1419 1257 1595 1350 defunct
1620 1257 1645 1350 y
1670 1257 1720 1350 de
1745 1257 1983 1350 francisca

381 1349 460 1442 Dit
487 1349 553 1442 dia
579 1349 725 1442 rebere
752 1349 791 1442 de
805 1349 964 1442 Marti
990 1349 1164 1442 Clauset
1191 1349 1389 1442 adroguer
1429 1349 1469 1442 de
1495 1349 1641 1442 Bara
1654 1349 1774 1442 viudo
1813 1349 1866 1442 ab
1880 1349 2012 1442 Mag=

370 1454 534 1550 Dalena
561 1454 684 1550 viuda
738 1454 766 1550 de
779 1454 958 1550 jaume
972 1454 1177 1550 Aguilar
1204 1454 1395 1550 parayre
1422 1454 1463 1550 de
1490 1454 1654 1550 Bara
